2726 5022
25 545 30 550 ,
112 468 228 540 Ρ.ΙΙ.
255 464 295 537 C.
318 466 360 541 V.
410 469 465 540 De
487 467 586 542 Orat.
607 465 738 541 Sacrae
758 471 906 544 actione.
983 497 1058 575 227

31 693 92 739 rum
122 664 158 736 in
187 663 256 734 vita
280 663 458 736 communi
486 663 689 764 loquentem
708 687 772 761 per
799 691 840 738 se
860 665 1054 762 dedecent,

32 791 225 865 abOratoris
242 801 360 860 tamen
383 789 478 861 Sacri
501 816 649 891 persona
670 788 782 863 aliena
805 804 887 862 sunt
911 791 994 893 (†).

461 945 493 1042 ς.
542 943 603 1045 57.

66 1099 167 1200 Atque
197 1099 282 1173 haee
316 1100 469 1172 breviter
504 1100 599 1173 dicta
624 1099 698 1172 vim
724 1097 920 1200 regularum
950 1081 1054 1204 supra

33 1227 261 1326 propositarum
294 1227 377 1299 satis
404 1222 587 1298 ostendere
620 1225 804 1299 videntur:
842 1223 933 1298 nihil
959 1225 1056 1301 aliud

33 1378 106 1426 runc
123 1352 338 1425 monendum
360 1363 485 1443 restat,
509 1377 613 1452 quam
634 1352 763 1442 multa,
790 1376 878 1452 quae
894 1351 933 1425 in
948 1351 1057 1426 Vete-

32 1503 91 1548 rum
103 1479 234 1552 actione
253 1479 415 1568 fuerunt,
438 1477 594 1550 laterum,
606 1477 867 1578 fatigationem,
894 1477 959 1552 soli
977 1478 1058 1580 pul·

34 1605 191 1695 sationem,
225 1601 360 1706 pedum
392 1604 681 1696 commotionem,
715 1630 914 1694 accessum,
943 1629 1060 1678 reces-

35 1755 109 1822 sum,
132 1730 211 1828 alia,
237 1730 406 1831 pedatim
424 1743 459 1803 et
480 1730 525 1804 ab
550 1757 592 1803 eo
612 1732 761 1804 maxime
781 1743 962 1832 tempore,
990 1757 1060 1832 quo

36 1855 168 1929 Oratores
193 1855 239 1927 de
263 1869 420 1956 suggesto
448 1871 540 1930 erote
573 1870 750 1957 compacto
777 1856 893 1931 dicere
922 1858 1059 1958 incipe·

35 1997 113 2073 rent,
136 1985 265 2085 partim
284 1983 398 2074 bono,
422 1985 551 2084 partim
575 1983 667 2057 malo
686 1981 853 2076 consitio,
877 1982 915 2056 in
935 1978 1060 2055 desue-

35 2108 167 2185 tudinem
191 2111 330 2184 obiisse.
871 2101 880 2120 ²

12 2219 14 2246 i

12 2389 14 2460 i

63 2379 114 2453 (Τ)
135 2383 339 2453 Furor-os,
357 2385 449 2458 pho,
468 2383 509 2438 53.
537 2385 795 2460 innor,p.263,
814 2385 875 2450 264.
907 2395 1059 2446 rursu,

12 2477 429 2546 Ἰ[).ι77,178,188.ηω.υ
445 2480 671 2538 stonum,
694 2489 724 2546 p.
746 2475 794 2538 ³41
823 2487 885 2546 sqq.
922 2467 1062 2524 eamme
1179 2460 1181 2464 ¹

13 2605 14 2640 3
39 2559 65 2614 de
77 2558 118 2632 i'e,
133 2582 204 2640 quae
228 2559 484 2630 memoravimus,
503 2568 615 2634 praeter
628 2557 776 2644 scriptores
790 2559 846 2633 jam
865 2554 994 2615 laudatos
1007 2551 1063 2629 legi

13 2709 14 2716 χ
37 2661 135 2729 meretur
147 2673 245 2724 surm,
265 2653 300 2710 de
319 2651 402 2710 tutor
421 2669 476 2708 van
497 2649 666 2722 nabootsing
687 2647 759 2705 door
779 2643 958 2725 gebaarden„
