2726 5022
119 485 121 493 ,
210 403 288 478 206
346 392 593 474 P.11.c.V.
644 393 704 466 De
725 395 822 468 Orat.
848 395 979 470 canta
997 393 1143 473 actione.

205 589 288 674 onte
307 589 494 670 meditatae
514 591 749 682 lineamenta,
774 587 884 666 literis
907 595 1128 695 consignata,
1153 595 1286 700 prim-¹

207 749 312 830 qnam
338 722 457 797 dicere
474 721 670 820 inceperit,
696 719 805 796 oculis
827 719 1012 824 sirbjiciat,
1037 739 1078 798 ut
1097 723 1164 798 hac
1184 723 1285 798 seri·¹

206 854 330 956 'ptione
358 863 521 950 tanquam
546 847 604 922 filo
623 861 742 923 utatur
767 845 834 920 sibi
858 863 993 941 sumto,
1017 875 1064 922 ne
1090 851 1183 926 avia
1205 848 1279 922 de-

206 978 336 1056 flectat.
382 977 430 1050 Et
453 998 534 1046 sane
556 972 622 1050 hoo
647 971 709 1048 filo
734 971 826 1048 duce
852 999 925 1048 non
949 973 1064 1052 solum
1082 979 1159 1079 ipse
1182 977 1278 1052 Ora·
1344 999 1347 1010 ·

209 1077 417 1196 tor'tutior,
443 1101 651 1194 sedetiam,
675 1100 706 1173 si
733 1099 846 1174 officio
877 1129 939 1177 suo
969 1102 1061 1177 bene
1092 1103 1278 1204 fungitur,

208 1231 393 1307 hominum
427 1229 546 1304 minus
582 1225 799 1303 excultorem
831 1229 990 1303 concioni
1026 1227 1121 1304 haud
1153 1231 1280 1308 minus

208 1359 303 1434 utilis
327 1359 414 1450 erit,
439 1377 544 1460 quam
566 1357 738 1448 oratione,
764 1380 851 1458 quae
879 1383 899 1428 a
923 1355 1035 1458 capite
1065 1355 1112 1430 ad
1138 1355 1280 1468 calcent

209 1487 407 1586 conscripta
425 1499 494 1576 est,
518 1509 583 1584 pro
602 1483 646 1558 iis
666 1481 848 1556 habenda:
875 1509 920 1558 ne
940 1481 1057 1558 dicam
1071 1483 1162 1558 hanc
1181 1463 1281 1586 opti-

196 1639 305 1698 mam
329 1611 442 1688 videri
466 1611 557 1685 viam
589 1635 626 1684 se
652 1609 822 1683 idoneum
858 1611 1009 1686 faciendi
1039 1611 1084 1686 ad
1113 1612 1278 1686 Oratoris

210 1732 308 1812 Sacri
333 1763 460 1811 munus
483 1735 673 1811 illustriore
698 1735 736 1809 in
761 1736 836 1809 loco
860 1739 942 1812 satis
962 1737 1185 1812 laudabiliter
1212 1737 1279 1812 ad-

210 1863 503 1956 ministrandum,
529 1865 663 1937 etiamsi
687 1863 764 1966 quis
799 1865 962 1938 orationis
992 1863 1180 1964 diligenter
1206 1865 1281 1938 ela·

210 1989 385 2066 borandae
420 2007 577 2092 tempore
611 2003 750 2092 praeter
778 2016 879 2092 spem
909 2005 945 2065 et
979 1989 1121 2094 culpam
1152 2019 1279 2069 carue·

212 2117 379 2218 ritu).
930 2111 933 2122 ·

228 2235 231 2248 ⁴
675 2213 705 2312 §.
758 2243 816 2291 20.

263 2375 333 2448 Sed
351 2373 436 2446 haec
454 2343 599 2446 dicendi
617 2373 705 2444 ratio
728 2373 765 2444 in
785 2371 934 2446 abusum
950 2373 1116 2464 vertitur,
1142 2377 1172 2449 si
1190 2376 1278 2452 Ora-

212 2511 269 2573 tor
293 2501 394 2572 Sacer
415 2497 528 2572 officio
551 2491 762 2572 satisfactum
784 2513 884 2599 putat
903 2497 1124 2573 lineamentis
1146 2505 1275 2577 oratio-

213 2629 271 2704 nis
292 2625 574 2716 conscribendis,
599 2641 657 2718 et,
682 2626 712 2700 si
734 2627 772 2698 in
792 2627 997 2701 concionem
1016 2628 1177 2721 venerit,
1210 2657 1277 2704 an-

213 2768 249 2828 te
283 2751 401 2828 oculos
436 2751 611 2856 ponendis
619 2775 633 2846 Ι;
666 2756 734 2825 vnec
767 2779 823 2826 res
858 2749 1055 2825 tractandas
1088 2757 1279 2830 memoriae

214 2881 380 2972 mandat,
407 2896 466 2955 aut
488 2880 585 2953 domi
606 2869 727 2952 sedulo
747 2879 960 2980 perpendit,
986 2877 1161 2979 quomodo
1192 2886 1280 2960 scri·

214 3022 316 3111 ptum
344 3035 445 3080 suum
474 3010 571 3108 sequi
590 3005 732 3078 debeat:
760 3005 911 3097 deiude,
938 3007 967 3078 si
993 3007 1190 3082 cautionem
1215 3009 1281 3083 ad·

93 3181 95 3190 ι
215 3133 339 3208 hibere
362 3132 528 3233 negligit,
553 3159 599 3206 ne
630 3137 784 3207 minores
816 3136 969 3233 partium
994 3131 1204 3229 divisiones,
1233 3137 1278 3212 ad
1360 3129 1361 3223 i

216 3263 403 3337 memoriae
432 3258 709 3334 succurrendum
737 3257 959 3334 lineamentis
995 3257 1067 3364 illis
1094 3259 1279 3362 adjectae,

124 3475 132 3484 ἱ
218 3390 280 3463 sed
312 3391 356 3462 ab
390 3383 605 3460 auditoribus
630 3385 874 3481 occultandae,
906 3387 1067 3461 concioni
1098 3391 1280 3467 oslendan-

219 3531 292 3590 tur:
321 3517 496 3618 denique,
521 3514 550 3586 si
576 3514 612 3585 in
632 3537 671 3584 ea
701 3514 901 3616 usurpanda
920 3529 993 3586 tam
1013 3515 1177 3616 frequens
1200 3533 1275 3610 est,
1359 3521 1360 3582 l

218 3661 258 3722 ut
289 3669 365 3718 raro
390 3643 446 3718 vel
477 3665 659 3742 nunquam
688 3641 791 3713 totius
816 3641 980 3716 orationis
1005 3641 1278 3719 conscribendae

218 3773 375 3848 laborem
394 3771 567 3870 suscipiat.

1124 3927 1167 4010 d.
1219 3954 1280 4001 21.

255 4121 315 4193 (t)
334 4123 513 4190 Gneisse,
539 4143 567 4200 p.
582 4127 630 4181 206
656 4142 715 4200 sqq.
742 4121 890 4195 Bijdragen
915 4129 955 4178 cot
980 4119 1016 4178 de
1038 4118 1201 4194 lecefeeiug
1224 4129 1278 4176 etc·

222 4210 302 4268 Τοιιι.
316 4211 364 4273 Vl.
384 4231 410 4288 p.
426 4217 485 4280 aot,
