2860 5022
237 395 284 460 2„
525 362 1014 450 aonrafnortrroos

240 561 438 664 cogentiae„
463 588 533 666 qua
566 587 698 644 eorum,
719 559 816 644 haud
843 566 950 662 pauci
967 564 1139 646 Oratores
1156 573 1295 650 ‚Sa'caos

238 718 342 784 suum
365 689 495 774 scilicet
522 687 568 764 ed
584 677 774 792 ,judicium
803 695 873 789 jam
905 712 1026 778 vocale
1049 695 1172 772 solent.
1223 701 1297 774 Sed

217 837 219 841 ‘
241 817 439 906 lectoribus
455 815 607 909 melioris
638 828 743 888 notae
772 831 808 888 et
836 815 982 908 indolis,
1002 822 1069 918 -qui
1084 823 1155 894 ,vel
1170 821 1297 900 dicen·

241 943 280 1020 di
305 945 522 1046 provinciam
544 970 616 1016 non
645 943 694 1013 ita
725 943 862 1042 pridem
895 971 976 1018 cum
1001 950 1158 1042 omnium
1172 950 1297 1027 'liono-

239 1099 321 1152 rum
351 1071 601 1174 approbatione
627 1068 772 1165 ingressi
795 1083 914 1163 erant,
942 1073 997 1147 vel
1028 1073 1074 1158 ad
1096 1099 1187 1150 eam·
1203 1077 1304 1154 bene.

242 1215 279 1277 et
300 1199 521 1274 laudabiliter
542 1219 604 1270 suo
621 1209 788 1295 tempore
808 1198 1064 1298 suscipiendam
1083 1202 1305 1300 tendebant,
1338 1230 1343 1236 ·

242 1349 300 1408 me
323 1326 459 1402 ducem,
478 1321 644 1425 praebere
674 1323 943 1412 constitueram,
966 1351 1040 1427 quo
1068 1335 1237 1428 'promtius
1257 1362 1299 1409 ao

244 1453 446 1553 diligentius
485 1449 523 1530 bi
565 1447 710 1551 quidem
743 1477 781 1523 so
813 1468 1084 1552 praepararent,
1123 1456 1172 1530 illi
1213 1486 1297 1534 roro
1386 1547 1397 1560 ι

244 1593 449 1682 praeparata
477 1591 554 1656 tum
570 1591 806 1677 usurparent,
834 1580 1201 1682 tum‘amplisrcarent.
1248 1587 1303 1662 Ee

243 1706 430 1808 populares
460 1718 554 1780 certe
585 1729 680 1778 meos
705 1705 869 1805 inprimis
896 1709 935 1784 in
959 1723 1076 1782 mente
1100 1709 1303 1806 habebam,

244 1833 396 1934 ideoque
426 1830 560 1930 singula
598 1829 643 1904 ad
678 1829 802 1908 har-um
845 1834 1024 1930 regionum
1059 1838 1208 1912 rationes
1245 1841 1299 1915 in·

245 1959 444 2052 struebam,
470 1957 612 2034 sedvel
643 1959 693 2032 sic
719 1959 869 2059 ¹quidem·
887 1958 1015 2034 librum
1045 1963 1092 2036 ita
1118 1965 1156 2038 in
1184 1965 1300 2044 lucem

246 2087 351 2160 cdere
371 2084 552 2188 placebat,
577 2100 618 2158 ut
638 2100 675 2158 et
693 2085 738 2158 ad
755 2101 999 2160 extraneorum
1022 2089 1204 2164 hominum
1223 2119 1306 2192 pere

242 2216 362 2296 venire
383 2228 512 2317 ‚posset
549 2214 732 2308 notitiam.5
774 2213 850 2288 Nec
886 2239 944 2288 me
979 2214 1023 2286 de
1049 2195 1123 2317 ipsa
1150 2219 1299 2294 Tli'eolo-

244 2346 299 2442 gia
323 2341 526 2420 haud-mole
545 2343 851 2414 meriturumesse
873 2340 1089 2439 sperabam,
1104 2345 1132 2416 si
1161 2348 1306 2420 recenti·

245 2468 405 2569 exemplo
425 2465 624 2567 aequalibus
637 2465 723 2542 m'cis
737 2480 1067 2559 commonstrarem,
1087 2494 1303 2565 ⁸sermonem

244 2597 434 2688 Latinum,
453 2593 589 2674 etiamsi
609 2605 725 2670 tantae
747 2616 821 2668 non
840 2594 886 2669 sit
904 2593 1167 2694 amplitudinis,
1187 2624 1299 2697 quan·

146 2743 151 2798 ζ
245 2738 319 2804 tem
340 2725 372 2798 ei
396 2721 556 2798 tribuisse
582 2720 739 2799 videatur
766 2747 948 2812 cronno,
975 2722 1297 2820 augustioribuste·

244 2833 329 2942 meu
362 2873 434 2922 non
462 2849 770 2946 circumscriptum
795 2850 870 2919 esse
900 2845 1089 2936 limitibus,
1125 2875 1230 2950 quam
1256 2863 1297 2928 ut

245 2965 403 3072 Oratoris
435 2975 530 3046 Sacri
570 2975 678 3044 etiam
716 2973 975 3053 Institutionem
1014 2973 1135 3072 capiat.
1196 2978 1295 3069 Quae

124 3183 126 3186 ,
244 3105 362 3187 omnia
383 3099 522 3176 cumulo
543 3098 695 3198 denique
721 3097 867 3194 augebat
887 3093 994 3188 illud,
1020 3097 1132 3200 qnod,
1157 3102 1186 3174 si
1209 3102 1295 3178 boec

130 3219 134 3226 ⁸
195 3283 215 3334 Ι
242 3231 385 3332 scriptio
405 3225 532 3300 scholis
555 3225 640 3315 meis
662 3223 833 3307 destinata
866 3237 962 3314 erat,
991 3223 1111 3297 eodem
1135 3253 1295 3303 sermone

123 3400 125 3408 ,
242 3355 416 3436 utendum
442 3364 532 3427 essct
555 3351 718 3440 Latino„
737 3349 807 3422 nisi
841 3373 983 3424 amore
1014 3357 1184 3453 majorum
1218 3355 1306 3434 sinc·

243 3507 345 3556 causa
376 3479 460 3590 satis
483 3459 577 3577 gravi
598 3473 847 3552 discederetur.
1263 3493 1265 3497 “

262 3608 346 3692 dt,
369 3604 559 3706 quaedam,
585 3605 662 3704 quis
689 3605 831 3679 fortasse
853 3603 995 3680 dixerit
1009 3663 1018 3699 ,
1033 3605 1114 3686 hoo
1145 3605 1295 3688 habebat

240 3728 485 3836 incommoda!
588 3789 594 3796 .
748 3815 753 3826 ,
1160 3776 1164 3786 ·
1264 3775 1307 3825 ῃ

256 3859 450 3948 ‚Habebat
476 3881 579 3954 vero:
615 3856 779 3956 videlicet
812 3862 1004 3944 orationem
1035 3859 1307 3962 prodiisse;·V,e-'

237 4003 331 4070 teres
354 3989 581 4085 imitantem,
603 3983 682 4056 -sed
711 4010 881 4060 novorum
908 3987 1087 4066 interdum
1116 3986 1306 4064 verborum

159 4217 161 4220 Ι
236 4117 493 4216 interjectione:
518 4111 597 4214 plus
618 4113 727 4186 semel
745 4114 795 4188 cd
816 4113 1047 4216 explicanda,
1072 4141 1160 4217 quae
1183 4115 1295 4190 homi·

1235 4269 1297 4316 nea
