2860 5022
268 403 315 463 μ
485 373 1038 484 -rusururro

266 571 333 648 bus
351 573 508 648 numeris
529 549 698 662 absoluti,
722 573 868 670 imago„
882 585 922 646 ut
942 573 1087 674 quisque
1108 597 1184 658 earn
1205 576 1332 654 inrue·

267 711 366 776 retur
397 712 501 801 atque
531 700 626 773 omui
639 697 832 798 ‘diligentia
858 700 985 774 referre
1008 715 1212 779 sonaretur.
1260 708 1331 782 Ad.

268 853 374 928 quam
391 827 535 926 quidem
550 823 773 924 diligentiam
791 828 821 900 si
840 853 950 926 unum
970 826 1076 901 modo
1099 828 1317 932 alterumque

267 951 432 1026 lectorem
456 950 662 1041 admovere,
688 951 882 1051 praemium
906 969 1111 1031 consecutus
1121 982 1202 1029 esse
1223 959 1332 1032 virle-¹

268 1079 352 1172 bor,
380 1105 450 1181 quo
471 1074 610 1152 nullum
627 1077 807 1178 pulchrius
830 1093 866 1152 et
890 1081 1074 1181 optabilius
1095 1085 1152 1160 sit'.
1204 1086 1334 1186 Inpri-

266 1209 334 1280 mis
347 1219 350 1228 '
363 1231 446 1282 vero
469 1205 541 1280 Vos
568 1206 749 1297 Juvenes,
785 1207 846 1307 qui
875 1207 913 1279 in
950 1207 1157 1306 Theologiae
1195 1211 1320 1287 studiis

206 1342 208 1346 ’
265 1333 478 1438 versamini,
511 1332 579 1406 h'oe
608 1357 658 1406 ex·
673 1329 766 1404 libro
799 1331 1021 1432 intelligatis,
1046 1335 1175 1430 velim,
1201 1338 1320 1435 eliud,

186 1445 191 1458 ’
267 1473 308 1534 ut
328 1461 499 1537 Veterum
518 1459 600 1560 quis
619 1459 737 1534 dicere
760 1457 918 1552 solebat,
942 1460 1198 1563 eloquentiam,
1225 1465 1320 1538 uliud

263 1586 477 1689 loquentiam
497 1611 593 1662 esse:
629 1585 676 1660 ad
703 1585 795 1662 hono
827 1586 971 1687 quidem
999 1589 1187 1680 omnibus,
1212 1590 1320 1666 modo

265 1713 443 1814 neplane,
470 1705 569 1788 h‘ruti
606 1717 701 1804 siut,
739 1725 858 1813 patere
887 1716 1003 1808 viam;
1036 1717 1082 1791 ad
1111 1717 1206 1790 illam
1235 1744 1321 1794 vero

263 1840 362 1918 vobis
387 1842 681 1942 comparandam,
707 1851 847 1940 praeter
870 1841 1063 1940 praeclaras
1091 1845 1220 1916 mentis
1246 1869 1336 1920 oon.

264 1971 427 2074 purisque
446 1965 563 2059 dotes,
591 1965 662 2040 duo
678 1968 828 2040 maxime
856 1969 1005 2078 requiri:
1031 1967 1160 2042 leheris
1177 1971 1320 2045 assidui·

265 2110 395 2189 tatem,
420 2109 456 2168 et
478 2099 704 2195 conjuuotam
724 2119 806 2166 cum
827 2093 954 2167 virtute
979 2095 1168 2195 pietatem!
1211 2097 1325 2192 Quod·

265 2251 334 2328 quo
368 2223 520 2324 penitius
556 2219 755 2322 pectoribus
785 2221 910 2295 vestris
935 2223 1144 2322 impressum
1171 2225 1239 2297 erit
1266 2238 1318 2298 at·

266 2359 345 2453 que
361 2349 595 2438 inculcatum,
633 2373 675 2420 eo
707 2345 898 2445 religiosius
929 2348 1037 2422 vitam
1068 2348 1317 2425 Academicum

264 2479 314 2552 ita
330 2501 428 2576 agere
445 2474 652 2566 studebitis,
668 2489 710 2548 ut
728 2472 813 2548 iude
824 2473 877 2566 ,ad
891 2475 999 2548 vitam
1016 2473 1191 2575 publicam
1202 2533 1223 2568 ,.
1236 2475 1316 2550 Deo

262 2604 364 2680 vohis
385 2602 599 2704 opitulante,
625 2625 731 2701 quam
752 2601 942 2690 maximum
960 2600 1232 2678 emolumentum
1259 2625 1339 2678 rev

265 2728 421 2820 undare
444 2732 565 2832 possit,
