2774 5022
197 353 245 429 Ρ.
266 321 327 430 11.·
342 351 385 474 ρ.
401 356 433 428 1.
484 349 540 428 Do
559 353 664 428 ‘orat
688 315 820 428 tana
843 358 1002 430 naaria
1080 352 1132 434 ‘85

17 535 19 660 i
83 563 246 645 uniatur,
280 547 432 640 suetan,
461 549 566 650 ‚copia
592 500 738 649 ‘quoque
775 529 969 622 carebimus
999 547 1044 622 de
1080 575 1138 625 ar·

17 663 18 710 ¹
89 673 248 779 gumento
269 676 421 777 tempori
447 671 708 748 accommodato
733 673 782 746 ita
803 661 969 768 dicendi,
992 683 1046 749 ut
1060 689 1134 752 tota

17 889 18 902 χ
84 807 190 880 oratio
209 805 405 888 Literarunr
425 801 568 878 illarum
588 801 791 876 auctoritate
812 803 944 877 nitatur
966 801 1061 904 (†).

535 957 567 1056 ξ.
618 955 675 1029 32.

97 1145 99 1164 ¹
127 1113 306 1190 Videlicet
326 1111 399 1186 illis
432 1111 537 1186 etiam
558 1107 702 1204 dicbus,
728 1109 853 1213 quibus
881 1113 1044 1188 orationis
1074 1115 1132 1188 Sa-

88 1267 159 1314 crae
188 1243 333 1315 matcria
358 1237 502 1312 omnino
530 1236 573 1310 ab
589 1239 751 1322 ,oratoris
781 1237 943 1312 libertate
968 1237 1130 1338 pendet,

87 1365 175 1440 haud
193 1393 273 1440 raro
289 1369 350 1458 fit,
375 1379 417 1438 ut
436 1363 578 1438 dicendi
595 1377 836 1464 argumentum
852 1365 940 1466 ipsi,
964 1378 1131 1467 tanquam

87 1487 203 1600 sponte
219 1519 299 1586 sua,
314 1515 410 1564 nunc
427 1489 549 1564 offerat
563 1496 651 1566 anni
667 1491 792 1568 coeliae
809 1503 1017 1588 teuperto&
1034 1517 1133 1566 nunc

84 1621 285 1719 arctiqaionssr
305 1619 366 1691 cel
386 1621 583 1692 recentioris
607 1621 734 1693 aetatis
752 1616 918 1706 lastaria·
941 1643 1036 1692 nunc
1060 1619 1138 1719 lae·⁸

83 1749 145 1820 tior
161 1746 341 1845 quaedam
359 1749 528 1821 trutiorve
540 1745 720 1843 fhr'turia,
744 1749 843 1844 cujus
865 1745 922 1818 vel
941 1745 1039 1818 testis
1066 1747 1131 1838 sit',

84 1869 131 1944 rel
148 1871 223 1972 ipsc
246 1873 438 1972 particeps;
465 1895 560 1945 nunc
582 1873 693 1944 oratio
714 1895 829 1968 nuper
851 1855 993 1962 habita,
1019 1885 1054 1945 ct
1084 1863 1130 1945 ab

84 1973 290 2070 auditoribus
312 1995 404 2070 bene
434 1991 494 2071 aut
513 1996 606 2070 male
629 2009 783 2095 accepta.
833 1996 912 2070 Jam
934 2021 1017 2072 vero
1042 1997 1128 2072 haec

82 2123 206 2202 occasio
227 2127 377 2223 tempori
395 2121 653 2199 accommodate
676 2121 820 2196 dicendi
843 2121 944 2198 avide
961 2124 1129 2224 arripien-

82 2247 140 2341 da,
164 2250 249 2351 quin
272 2251 397 2342 etiam,
437 2251 467 2323 si
495 2251 613 2323 minus
636 2261 755 2350 patet,
776 2245 907 2322 'sedulo
929 2247 1128 2350 quaerenda

82 2388 140 2452 cst

438 2503 444 2509 -
527 2475 558 2574 ς.
609 2473 669 2548 aa.

123 2632 280 2706 Primum
297 2631 394 2704 enim
417 2633 591 2706 orationes
611 2628 742 2704 Sacrae
765 2631 913 2724 tempori
932 2635 1127 2704 accommo-
1254 2715 1257 2719 ,

81 2758 199 2850 datae,
242 2759 378 2831 etiamsi
405 2759 553 2832 acriores
585 2771 621 2832 et
655 2741 845 2832 severiores
872 2751 1126 2842 admonitiones
1225 2777 1228 2782 ·

81 2887 292 2976 contineant,
311 2883 519 2960 hominibus
546 2881 658 2958 multo
690 2882 800 2980 magle
822 2880 960 2982 placere
990 2879 1154 2975 solent,⁴

81 3038 177 3112 quam
202 3009 300 3084 aliae.
351 3005 490 3086 Deinde
509 3012 645 3110 gravius
666 3007 863 3085 afficiuntur
879 3009 1005 3101 animi,
1033 3011 1063 3082 si
1076 3009 1129 3084 di·

82 3139 168 3211 citur
188 3137 233 3211 de
257 3149 480 3236 argumento,
506 3133 639 3236 dequo
659 3136 729 3236 ipsi
751 3131 946 3228 auditores,
972 3135 1030 3212 vel
1057 3135 1129 3212 dici

83 3265 241 3366 cupiunt,
260 3258 518 3340 veldicendum
531 3261 786 3356 asserentium,
803 3287 908 3364 quam
923 3265 953 3336 si
964 3287 1130 3364 quaeren-

82 3389 119 3464 di
145 3406 241 3466 causa
270 3403 345 3480 est,
373 3386 460 3490 quid
484 3399 599 3460 orator
620 3388 765 3461 tandem
792 3389 1027 3488 spectaverit„
1059 3387 1130 3460 De·

80 3544 182 3620 mque
211 3517 363 3622 plurima
384 3510 552 3616 quidem,
576 3538 662 3618 quae
684 3539 748 3614 pro
777 3515 946 3586 concione
973 3513 1129 3606 dicentes
1243 3554 1248 3560 ·

82 3668 139 3716 ore
158 3646 358 3746 proferunt,
382 3655 549 3744 tanquam
567 3641 606 3714 in
628 3645 744 3714 aerem
759 3652 968 3740 sparguntur
986 3654 1022 3714 et
1038 3640 1129 3714 obli-
1209 3655 1218 3671 ²

274 3793 277 3799 '
1055 3793 1131 3840 vro·

17 4023 19 4044 ,
117 3964 482 4034 (mmmmm,
500 3965 577 4020 Plan
593 3963 670 4020 einer
686 3964 717 4018 in
735 3962 813 4020 allen
833 3964 913 4020 ibren
931 3961 1044 4019 Theren
1063 3946 1148 4020 volti

17 4051 19 4124 t
82 4051 191 4122 eadeten
220 4057 419 4128 Reformation
447 4053 499 4112 der·
535 4053 721 4110 Christlicdara
752 4055 870 4112 Kirclra.
900 4071 928 4130 p.
949 4062 985 4129 89
1008 4069 1069 4128 sqq.
1102 4061 1132 4110 ct

17 4127 19 4200 i
83 4143 264 4234 stirpest.
291 4163 314 4204 c.
332 4164 360 4224 p.
377 4145 418 4220 96.

17 4235 18 4252 ¹
635 4233 710 4306 F3
