2860 5022
313 441 321 456 .
426 355 901 449 PRAEFATIO.
1126 385 1187 448 nu

129 591 213 652 tero¹
237 571 414 658 ordinem,
437 593 507 668 quo
533 566 598 641 viri
628 563 680 638 illi
703 591 723 638 a
744 564 869 638 ceteris
900 561 1035 650 civibus
1058 564 1182 642 distin.

132 716 310 802 guuntur,
347 695 549 785 destruere,
582 706 618 766 et
652 691 789 791 linguae
829 691 1024 764 communis
1055 719 1181 786 usum,

132 826 229 929 quod
258 839 425 925 tanquam
441 821 619 898 vinculum
640 844 699 890 eos
722 830 846 890 mutuo
870 820 1075 919 conjungit,
1101 819 1182 892 abo.

130 954 202 1027 lere
222 953 413 1041 annititur,¹
438 935 583 1050 quaeso,
609 951 655 1018 ne'
677 969 774 1041 aegre
798 943 905 1034 ferat,
931 938 1061 1045 si'quis
1081 972 1182 1024 usur.

131 1079 266 1180 paverit
289 1076 397 1150 illud:

179 1277 280 1348 Dum
305 1273 415 1347 vitant
435 1270 537 1342 statu
560 1265 660 1359 vitia,
684 1245 723 1340 in
745 1267 921 1340 contraria
946 1281 1107 1342 orarunt.

132 1454 204 1530 Sed
219 1476 224 1508 ¹
242 1477 432 1528 uunssuur
467 1453 583 1545 nosti,
621 1457 765 1558 ejusque
803 1449 1076 1548 disputationem
1112 1479 1183 1550 pro
1305 1441 1307 1445 ’

130 1585 275 1682 liuguae
292 1583 423 1654 latinae
446 1605 536 1673 usu,
561 1577 757 1682 quaelhanc
778 1601 918 1649 omnem
932 1575 1066 1654 dirimit
1084 1581 1182 1658 litem

134 1723 169 1782 et
179 1711 480 1822 controversiam:
506 1721 546 1780 ut
572 1731 617 1780 ne
640 1705 735 1778 loeus
770 1703 813 1776 sit
844 1720 1065 1802 argumento,
1087 1704 1182 1816 quod

137 1835 237 1934 vulgo
249 1861 291 1908 ex
309 1833 480 1926 hodierno
493 1834 700 1936 populorum
713 1843 910 1934 exterorum
925 1859 1022 1906 more
1036 1835 1179 1935 petitur.

130 2035 134 2042 ,
178 1963 257 2036 Ho'c
285 1961 349 2036 tibi
370 1960 475 2053 dem,
500 1987 618 2060 rogas,
643 1983 732 2061 quae
755 1958 848 2064 ¹Viris
878 1951 1006 2032 Doctisv
1028 1959 1183 2034 scriban-

130 2101 209 2180 tur,
236 2087 341 2162 scribi
359 2105 460 2188 posse
475 2089 624 2162 Latine?
674 2086 766 2185 Age!
794 2083 884 2158 dabo
902 2083 1050 2159 lubens:
1077 2113 1181 2180 nam,

129 2214 228 2316 quod
260 2213 479 2288 contendunt
505 2214 688 2305 nonnulli,
720 2213 816 2287 hunc
851 2213 1020 2286 honorem
1048 2212 1184 2310 linguae

133 2340 165 2417 F
165 2339 464 2412 reuco-Gallorum
493 2339 756 2414 decernendum
790 2363 888 2430 esse,
926 2339 1031 2412 nimis
1061 2365 1183 2440 urgere

133 2466 235 2557 nolo,
261 2494 329 2558 ne,
356 2479 416 2540 aut
438 2452 560 2539 ceteris
586 2467 746 2566 gentibus
768 2466 930 2566 injuriam
957 2466 1036 2540 fieri
1064 2465 1183 2561 dieas,
1215 2511 1218 2526 ·

133 2615 216 2666 eum
235 2594 318 2666 huic
340 2593 403 2666 uni
424 2593 578 2666 tribuam
591 2595 856 2694 ¹principatum
880 2605 940 2666 eut
959 2591 1016 2666 rel
1046 2617 1183 2668 sumere

132 2717 199 2792 tibi
220 2717 359 2804 videar,
387 2741 507 2790 omnes
530 2719 686 2790 onmium
718 2732 889 2790 terrerum
917 2718 1097 2812 homines,
1121 2721 1183 2822 qui

132 2847 171 2920 in
198 2843 304 2916 literis
328 2857 368 2914 a'c
393 2841 583 2942 disciplinis
609 2857 810 2935 versentur,
835 2855 970 2916 tantum
994 2844 1060 2916 sibi
1079 2821 1185 2948 hujus

133 2967 270 3069 linguae
285 2996 482 3072 comparere
501 2994 601 3071 posse
616 2970 797 3070 peritiam,
823 2985 864 3044 ut
878 2997 938 3076 ee,
966 2953 1183 3078 quod'opor·

126 3111 203 3187 tet,
227 3095 457 3198 probabiliter
475 3097 645 3192 scribant,
670 3123 714 3170 ne
735 3097 871 3187 dicam,
896 3089 1042 3198 pulchre
1061 3114 1098 3174 et
1115 3100 1184 3174 ele·

126 3237 264 3322 ‚genten
315 3222 385 3296 Sed
409 3222 549 3321 lingua,
570 3229 804 3327 quujuvenes
825 3225 864 3298 in
882 3223 1012 3298 scholis
1033 3224 1080 3299 ed
1106 3253 1183 3300 mu-

133 3377 201 3422 nus
232 3352 375 3424 Sacrum
403 3350 459 3426 vel
490 3351 588 3424 civile
621 3339 876 3440 instituuntur,
906 3337 1090 3431 vernacula
1122 3356 1183 3430 sit.

133 3476 215 3550 Heu
238 3477 331 3550 enim
360 3469 593 3560 dureconsulti
622 3490 787 3568 utuntur,
812 3477 874 3550 ubi
907 3503 1029 3552 causas
1052 3487 1182 3580 egunt,
1235 3493 1236 3498 ’

133 3604 282 3696 Medici,
307 3603 351 3676 de
373 3603 503 3678 morbis
520 3630 602 3676 eum
621 3604 765 3704 aegrotis
785 3601 1045 3704 colloquentes;
1070 3606 1183 3682 Theo·

118 3725 202 3827 'lugi
226 3729 542 3831 quoque'in‘rebus
564 3731 761 3830 provinciae
787 3733 934 3834 quisque
956 3757 1035 3806 suae
1054 3759 1182 3808 curan-

135 3853 208 3946 dis,
227 3860 410 3958 puerisque
431 3855 653 3949 erudiendis,
672 3871 707 3930 et
721 3859 769 3950 si,
796 3857 891 3962 quud
911 3887 1007 3934 nuno
1024 3863 1062 3936 in
1077 3888 1183 3964 quae·
1199 3899 1206 3929 2·

132 3983 245 4056 stione
265 3997 339 4074 est,
366 3984 488 4080 dieunt
510 4011 574 4086 pro
594 3965 768 4060 'concione
790 3986 927 4088 populi.

135 4181 138 4186 Α
183 4107 506 4186 Jureconsulti'sihi
538 4111 741 4188 cousulant:
767 4109 863 4190 item
881 4115 1032 4210 Medici,
1055 4131 1094 4202 ut
1114 4145 1202 4202 nun,

1120 4269 1185 4345 pel'
1237 4353 1238 4356 Ἰ
