2774 5022
262 341 337 412 ns
387 325 434 410 e.
455 333 512 408 11.
540 335 582 408 c.
604 329 684 407 ΠΙ.
708 399 712 407 ,
753 333 817 409 *ne
839 336 937 410 orat.
955 332 1088 412 Sacrae
1097 327 1286 436 paeto,

264 526 570 630 ob'expera'entiae
590 528 812 633 quotidianae
832 535 1051 626 testimonio,
1070 535 1210 611 nemini
1226 533 1329 617 facile

260 657 465 758 incognito,
496 659 636 734 initium
658 654 802 734 ducant.

722 813 751 918 a·
807 813 862 910 14.

260 1005 265 1014 ·
313 969 676 1062 Animadvertendum
697 995 781 1045 vero
799 969 958 1061 videtur,
982 970 1134 1048 exordiis
1151 973 1260 1076 hujus
1277 993 1327 1049 ar'·

264 1099 421 1200 gumenti
443 1096 540 1170 haud
558 1123 659 1189 raro,
677 1110 712 1171 et
730 1097 812 1200 plus
834 1097 917 1176 artis
938 1103 1132 1201 quaesitae,
1157 1111 1194 1173 et
1209 1099 1325 1176 minus

265 1227 486 1331 eloquentiae
497 1227 636 1299 nativae
657 1227 793 1318 inesse,
813 1252 918 1328 quam
934 1253 1039 1328 supra
1051 1223 1323 1304 commendatis:

151 1343 152 1350 ἵ
263 1353 396 1431 deinde
407 1365 581 1445 oratores,
600 1353 663 1455 qui
683 1350 888 1450 hujusmodi
906 1351 1058 1428 exordiis
1083 1352 1323 1447 delectentur,

261 1487 346 1560 satis
377 1481 502 1557 crebro
539 1503 605 1581 per
631 1481 710 1555 loca
742 1479 799 1553 ilia
827 1482 941 1581 vagari
974 1485 1212 1576 communio,
1242 1506 1326 1585 quae

234 1599 235 1602 ¹
254 1611 384 1716 quovis
397 1622 560 1720 'tempore
581 1603 797 1682 orationibus
815 1607 940 1682 eodem
958 1612 1034 1707 jure
1056 1609 1235 1710 praemitti
1252 1634 1324 1711 pos·

262 1739 346 1814 sint.
395 1732 502 1829 Quod
533 1737 595 1838 qui
625 1735 778 1828 faciunt,
803 1737 962 1829 etiamsi,
985 1734 1190 1810 Phantasia
1213 1733 1323 1808 homi·

260 1893 349 1940 num
371 1861 568 1966 splendidis
590 1862 798 1962 imaginihus
821 1862 969 1956 alenda,
996 1863 1189 1937 multorum
1213 1859 1322 1934 admi-

257 1993 431 2066 rationem
444 1991 640 2083 moveant,
666 1991 863 2094 saepissime
886 2005 1004 2064 tamen
1028 1987 1207 2062 auditores
1234 1987 1321 2062 hanc

257 2122 299 2194 in
330 2117 531 2221 opinionem
565 2115 763 2211 inducunt,
800 2144 875 2192 non
890 2127 1025 2209 suam,
1070 2114 1134 2190 sed
1175 2113 1320 2188 alienam

250 2261 337 2323 'rent
359 2247 445 2346 agi,
459 2268 648 2346 eorumque
674 2245 801 2318 animis
822 2269 887 2346 pro
909 2243 1048 2336 caiore,
1075 2258 1240 2347 tanquam
1267 2267 1321 2315 so-

249 2375 306 2449 'lis
326 2372 491 2468 hiberni,
515 2371 622 2471 frigus
644 2373 813 2472 injiciunt
837 2371 929 2470 (†).

718 2529 750 2628 §.
806 2525 861 2605 15.
943 2564 945 2568 ·

307 2687 457 2790 Maiores
490 2686 603 2760 nostri
639 2683 823 2761 exordium
854 2682 1060 2788 plerumque
1097 2681 1319 2760 duxerunta

257 2809 417 2919 quodam
441 2811 642 2890 Literarum
670 2812 854 2886 Sacrorum
885 2813 963 2886 loco
992 2812 1222 2914 explicando:
1259 2812 1317 2887 sed

231 3031 233 3038 Α
258 2945 425 3045 qnoniam
445 2942 608 3042 ineptum
629 2951 725 3028 erat,
751 2940 1032 3041 interpretationi
1056 2939 1316 3042 interpretando

258 3067 432 3171 praefari,
457 3094 534 3141 mos
553 3065 614 3140 ille
636 3064 734 3138 haud
757 3069 835 3139 sine
858 3078 960 3139 causa
989 3065 1028 3138 in
1053 3065 1316 3142 desuetudinem

227 3181 331 3271 ¹fere
366 3193 454 3268 abiit
487 3193 575 3294 (*):
612 3219 727 3296 neque
762 3208 882 3267 tamen
911 3191 1151 3268 memorabilis
1181 3195 1316 3298 alicujus

256 3325 347 3416 toci,
374 3322 436 3426 qui
453 3317 536 3397 eum
557 3323 747 3424 scriptoris
769 3324 866 3396 Sacri
887 3321 1006 3397 verbis
1030 3321 1112 3395 data
1132 3348 1240 3424 opera
1259 3337 1318 3407 tra·

258 3452 396 3525 otandis
423 3451 622 3550 conspiret,
654 3449 698 3524 ab
731 3449 833 3524 initio
859 3449 1031 3525 recitandi
1062 3453 1177 3538 ratio,
1202 3448 1315 3524 multis

177 3675 179 3679 Ι
258 3574 376 3650 adhue
392 3576 536 3670 usitata,
562 3575 623 3652 obi
646 3590 784 3678 praesto
810 3605 884 3651 non
911 3593 966 3652 est
989 3592 1234 3679 argumentum
1253 3603 1316 3652 rna·

187 3704 191 3710 ’
258 3707 311 3807 gis
338 3702 584 3799 commodum,
609 3703 845 3807 improbanda
868 3703 1010 3780 videtur
1032 3707 1119 3805 (ὅ),
1180 3808 1202 3892 5
1284 3801 1306 3876 6

250 3829 255 3836 ’
1267 3829 1316 3878 1.

250 4013 253 4020 .
298 3959 362 4034 (τ)
393 3957 468 4017 Van
492 3975 647 4028 essert,
672 3975 703 4033 p.
725 3958 870 4035 xtvsqq.
907 3956 960 4016 eff.
981 3963 1100 4030 rutra,
1127 3955 1317 4038 patentia

262 4063 406 4118 flaons,
425 4046 644 4122 Tom.1.p.55
666 4065 729 4124 sqq.
748 4053 999 4128 rcaorr,p.5p

141 4169 171 4184 „
298 4137 624 4213 (*)Daut,p.aip

302 4225 358 4302 (5)
377 4225 524 4300 Sanora,
543 4247 570 4306 p.
590 4232 631 4296 46.
662 4236 1023 4308 transsumptam,
1051 4227 1109 4310 126,

1321 4174 1353 4272 ε]
