2774 5022
177 315 226 410 1³.
246 312 300 392 rt
327 309 368 390 c.
385 301 423 388 ι’.
465 311 527 386 ‘De
557 311 656 408 orat.
685 310 816 414 Samae
836 317 995 414 muria
1069 321 1119 420 ⁸9
1199 391 1202 402 ,

77 509 160 607 inter
177 511 353 588 auditores
368 534 471 584 carrae
491 533 572 584 suae
592 505 796 602 mandatos,
822 523 883 584 aut
904 511 1120 616 Rationalis·

17 683 18 696 κ
77 664 149 729 mur
177 653 316 742 serpat,
342 651 403 714 aut
426 637 689 726 Mrsrmismus,
715 647 774 708 aut
792 635 935 737 languor
959 635 1022 713 illa
1044 640 1120 726 ani-

17 869 18 878 *
76 790 224 866 morum,
262 747 418 870 quiput
446 762 563 838 neutli
595 760 720 851 harum
742 765 895 867 partium
923 789 960 838 ae
994 762 1119 858 dedit,

79 891 121 966 sic
140 891 186 964 ita
217 904 436 996 comparatus
462 901 601 984 est,‚ut
630 911 786 962 cumsrua
814 887 956 992 quidem
978 893 1017 966 in
1039 916 1121 998 ore,

17 1045 18 1054 ¹
79 1043 141 1090 non
168 1043 253 1095 vero
284 1021 323 1094 in
352 1016 458 1121 corde
483 1014 630 1090 habitet.
680 1011 786 1107 Quod
810 1013 872 1087 ubi
894 1017 952 1106 tit,
977 1021 1120 1094 materia

80 1149 215 1219 maxime
239 1147 387 1221 orationi
406 1139 620 1219 invenienda
639 1125 709 1233 est,
730 1165 819 1242 qua,
842 1138 900 1216 vel
920 1143 1046 1218 Divina
1065 1170 1120 1218 re·

17 1325 19 1350 .
80 1267 204 1370 ligionis
224 1265 441 1348 Christianae
457 1269 550 1368 origo
567 1269 607 1341 in
623 1265 701 1340 luce
719 1279 870 1368 ponatur
889 1281 925 1340 et
952 1267 1118 1346 defenda-

80 1408 143 1488 tur;
166 1396 223 1472 vel
245 1400 374 1472 rationi
392 1395 563 1470 humanae
580 1397 637 1494 ius
658 1417 760 1466 suum
779 1417 919 1502 sensum
939 1409 975 1470 et
992 1395 1118 1472 Phan-

78 1527 193 1596 usiam
221 1522 368 1625 regendi
393 1525 623 1614 restituatur;
652 1517 710 1596 vel
740 1521 864 1595 animis
894 1517 1044 1624 denique
1072 1523 1118 1598 ad
1195 1570 1209 1578 -·

79 1673 185 1723 omncs
210 1649 366 1726 hominis
388 1675 472 1726 vere
501 1646 689 1734 Chriatiani
706 1659 823 1749 partas
843 1645 1032 1750 explendas
1049 1650 1121 1728 ser·⁴

78 1777 163 1852 vidus
189 1775 293 1853 ardor
310 1777 498 1879 injiciatur.
605 1817 608 1824 =

519 1951 547 2054 o
597 1951 656 2050 o·

114 2129 220 2204 Porro
239 2155 321 2205 oum
340 2131 433 2204 inter
450 2127 614 2204 honines
632 2127 725 2202 varia
741 2127 839 2202 cerni
857 2125 990 2212 soleant
1008 2131 1113 2226 vitia,

72 2269 166 2357 atque
184 2257 244 2332 alii
263 2257 448 2361 praecipue
465 2251 666 2345 iracundia,
690 2251 849 2347 audacia,
874 2255 930 2330 vet
948 2256 1114 2330 timidita-

70 2392 122 2472 te,
156 2379 216 2456 alii
249 2383 484 2484 propensione
511 2382 552 2455 in
579 2380 701 2456 vinum
731 2392 793 2454 aut
828 2405 1016 2471 venerem,
1053 2381 1130 2458 alii·

71 2506 141 2582 alias
167 2509 386 2609 trmpiaaimes
415 2507 626 2606 ignominiae
653 2519 754 2582 notas
783 2505 849 2582 sibi
878 2507 1110 2602 contrahant3

71 2635 186 2708 Orator
206 2635 310 2708 Sacer
336 2630 515 2734 explorare
542 2631 668 2724 debet,
694 2659 875 2740 'quaenam
903 2635 988 2708 vitia
1015 2636 1111 2735 apud

71 2759 232 2835 auditores
249 2785 330 2834 auos
352 2773 516 2861 tanquam
543 2783 691 2858 regnum
719 2759 981 2860 occupaverint.
1030 2761 1110 2853 Quo

69 2887 255 2988 ¹arplorato,
287 2884 335 2958 de
360 2888 456 2961 vitiis
483 2881 649 2986 quidem,
665 2883 801 2986 ¹quibus
820 2885 1013 2985 pauciores
1052 2913 1112 2960 au-

72 3011 210 3088 ditorum
240 3010 449 3110 indulgent,
484 3007 583 3084 nullo
607 3007 714 3084 modo
738 3009 946 3103 tacendum,
981 3011 1044 3086 sed
1070 3011 1110 3087 id

73 3151 179 3230 tamen
194 3140 350 3214 oratione
368 3135 530 3238 inprimis
553 3135 814 3236 agendumst,
840 3152 879 3216 ut
898 3139 985 3213 haec
1003 3141 1113 3214 maxi·

75 3290 121 3338 me
130 3267 280 3366 vulgaria
297 3288 403 3364 regno
421 3289 484 3336 auo
502 3262 742 3366 expellantur,
763 3275 799 3334 et
815 3262 976 3338 homines
994 3263 1040 3336 ad
1051 3291 1114 3364 pa-

71 3417 160 3484 rem,
184 3390 374 3494 pudorem,
399 3391 569 3496 aliasque,
593 3387 719 3494 quibua
738 3402 874 3482 carent,
898 3390 1043 3465 nautes
1061 3414 1115 3463 re·

74 3515 244 3599 ducantur.
349 3549 353 3558 ‘

516 3633 548 3734 c·
597 3635 656 3733 o·

116 3816 191 3894 Jan'r
217 3843 303 3894 vero
331 3820 498 3904 orationis
520 3818 652 3894 Sacrae
673 3819 841 3912 mamm,
865 3833 906 3893 ut
933 3821 1137 3930 concioni„

76 3967 132 4042 pro
161 3974 229 4049 qua
256 3945 404 4036 dicitur,
437 3945 643 4037 conveniat,
675 3959 753 4020 tum
781 3947 834 4020 ad
860 3950 958 4021 uitae
978 3971 1116 4046 genus,

74 4073 285 4152 auditoribus
301 4075 511 4172 proprium,
536 4074 836 4164 accommodanda
861 4087 940 4168 ert,·
962 4083 1039 4148 tum
1066 4075 1119 4148 ad

21 4239 23 4296 7
620 4199 650 4272 F
675 4197 697 4272 5
728 4206 730 4211 ’
1068 4203 1118 4276 Io·
1153 4189 1159 4200 ’
