2774 5022
159 311 164 322 '
232 309 291 386 ne
362 308 410 382 P.
430 309 481 387 11.
507 304 549 381 C.
570 308 621 392 1„
659 299 839 392 Deorat.
864 301 997 380 Sacrae
1020 309 1179 388 mutarit.

698 499 732 600 ς.
779 497 840 574 aa.

292 657 469 733 Orationis
493 654 624 732 Sacrae
647 655 853 748 matonam,
877 653 1180 760 quenadmodum
1211 666 1302 732 tam·-

242 785 343 886 pori‚
367 786 408 858 in
431 805 501 886 quo
522 783 650 856 Orator
675 773 780 856 Sacor
803 796 977 879 versatur,
1003 786 1055 858 sic
1082 783 1189 858 etiam
1214 808 1302 860 con-

241 914 336 986 ciom'
348 968 357 1003 ,
376 933 446 1008 pro
477 935 551 1011 quo
572 909 630 983 illa
659 909 763 1001 dicit,
789 908 971 984 convenire
995 907 1140 1002 debere,
1164 912 1302 988 monni-

241 1063 333 1111 mus.
383 1035 495 1131 Quod
510 1061 615 1115 nemo
629 1037 685 1110 ito
706 1008 896 1136 intelligat,
920 1035 1094 1137 perversis
1114 1034 1300 1112 hominum

239 1161 485 1262 opinionibus,
519 1177 579 1238 aut
605 1165 719 1242 coecis
745 1187 866 1238 eorum
900 1159 1149 1263 cupiditatibus
1177 1160 1299 1236 indul·

234 1286 392 1405 gendtun
417 1311 501 1368 esse.
542 1291 662 1370 ,Iuno
687 1315 792 1382 voro,
816 1313 888 1398 quo
909 1285 1034 1361 melius
1053 1285 1134 1386 illae
1155 1312 1197 1368 ex
1222 1292 1298 1368 ani·

237 1416 306 1492 mis
339 1411 552 1507 deleantur,
588 1417 733 1494 materia
765 1411 810 1488 ab
849 1428 983 1487 oratore
1015 1409 1204 1492 tractanda
1219 1412 1298 1512 est,

237 1538 437 1624 auditorum
454 1539 639 1624 desideriis
661 1537 934 1624 accommodata.

586 1739 590 1748 ·
692 1695 724 1796 §-
773 1695 834 1796 39·

278 1831 334 1926 'Et
349 1853 504 1955 primum
521 1847 664 1955 quidem
681 1849 863 1926 omnccin
879 1851 1023 1926 materia
1041 1850 1192 1928 orationi
1203 1877 1292 1929 suae

232 1977 442 2052 invenienda
464 1977 679 2078 distinguere
709 1989 873 2079 oportet,
907 1991 1027 2052 unum
1048 1991 1219 2056 vocentur
1248 1983 1291 2058 in

232 2107 439 2179 concionem
463 2105 666 2198 bominum,
690 2129 839 2206 quorum
863 2101 960 2178 haud
982 2105 1087 2204 pauci
1110 2103 1289 2206 religionis

155 2303 160 2312 ,
229 2229 447 2305 Christianae
468 2215 601 2332 capita,
625 2242 662 2304 et
683 2227 947 2332 disciplinarum
967 2227 1013 2302 ad
1032 2229 1288 2310 humanitatem

225 2359 474 2458 pertinentium
508 2357 684 2436 elementa
706 2355 799 2428 bone
831 2369 891 2430 aut
912 2354 1139 2457 probabiliter
1166 2357 1289 2437 edocti

226 2484 321 2575 sint,
339 2510 385 2558 an
400 2510 484 2561 vero
503 2481 695 2557 dicendum
716 2483 762 2564 sit
778 2507 843 2584 pro
862 2479 1097 2574 auditoribus,
1116 2483 1195 2584 qui,
1209 2511 1283 2572 uno

224 2609 314 2688 torte
338 2609 515 2714 alteroque
544 2609 776 2711 excepto,in
805 2607 1005 2694 tristissima
1027 2613 1142 2713 jacent
1161 2633 1284 2690 rerum

222 2711 433 2819 Divinarum
455 2751 492 2814 et
519 2735 751 2818 humanarum
779 2716 984 2834 ignorantia.
1043 2733 1135 2814 Nam
1159 2762 1283 2845 quem·

221 2862 413 2942 admodum
437 2864 475 2938 hi
493 2863 697 2942 tractatione
717 2863 904 2950 materiae,
930 2885 1017 2967 quae
1039 2859 1149 2935 veluti
1171 2870 1281 2972 spon·

218 3004 254 3063 tc
274 3017 335 3062 sun
356 2989 579 3088 intelligitur,
603 2985 808 3080 erudiendi,
834 2999 871 3060 et
888 2986 986 3088 quasi
1003 2983 1092 3060 lacte
1114 2991 1278 3065 nutrien-

218 3115 257 3190 di
280 3129 381 3208 sunt,
404 3113 520 3193 *donoc
548 3109 693 3188 solidius
718 3111 926 3191 alimentum
947 3137 1164 3216 concoquere
1193 3142 1278 3222 pos-

113 3304 118 3314 .
216 3245 310 3338 sint;
335 3243 384 3318 sic
401 3242 469 3322 illis
494 3243 647 3342 graviora
668 3263 752 3318 cum
770 3235 958 3318 levioribus
976 3239 1086 3318 mixta
1102 3239 1273 3324 adhibere

214 3369 369 3470 juvabit:
408 3371 517 3450 etita
543 3365 708 3476 quidem,
740 3377 780 3438 ut
812 3389 911 3442 nunc
940 3379 1143 3473 repetantur
1172 3371 1275 3448 initia

214 3495 474 3588 doctrinarum,
498 3518 595 3567 nuuc
616 3503 881 3593 proponantur,
906 3515 994 3593 quae
1017 3493 1121 3594 paulo
1141 3493 1273 3572 altioris

212 3621 467 3720 indagationis,
510 3632 546 3692 et
576 3617 774 3712 Historiae,
810 3615 1052 3720 Philosophiae
1088 3620 1269 3724 popularis

211 3747 423 3849 aliarumque
450 3743 714 3848 disciplinarum
739 3768 806 3847 ope
824 3739 1031 3822 illustranda
1047 3748 1162 3826 suut?

660 3899 691 4000 t·
742 3900 803 3994 ro-

256 4057 396 4134 Deinde
424 4056 551 4131 Orator
576 4055 679 4130 Sacer
706 4054 974 4157 circumspicere
1003 4053 1137 4152 debet,
1173 4085 1263 4138 num

1204 4215 1259 4268 m.
