2726 5022
269 367 342 440 232
393 363 762 482 P.111.·S.1.¹C.1.
811 363 867 438 De
893 365 1251 470 Ducrplinicalisque

269 560 463 664 argumenti
493 557 692 658 Theologici
726 573 831 652 sunt,
875 561 982 636 altero
1014 563 1161 666 reliquae
1190 594 1291 643 omnes

270 686 627 790 comprehendantur.

737 849 767 948 a.
817 769 857 922 5.
927 899 929 920 .

262 1040 268 1054 .
315 1013 351 1086 si
369 1011 446 1112 quis
463 1022 579 1107 rogat,
606 1033 776 1110 quaenam
794 1010 971 1086 doctrinae
991 1017 1186 1112 argentemi
1201 1013 1294 1088 Tlteo

266 1140 369 1238 logici
387 1138 433 1210 ab
459 1135 605 1208 Oratore
638 1138 743 1210 Sacro
770 1138 1031 1238 cognoscendae
1056 1140 1144 1233 sint;
1165 1165 1295 1240 respon·

267 1261 425 1338 dendum
454 1262 597 1363 quidem
628 1263 784 1354 videtur,
809 1263 855 1336 ad
877 1263 1084 1363 Theologiae
1106 1267 1294 1366 provinciam

259 1390 358 1492 ¹nihil
378 1388 578 1488 pertinere,
603 1391 689 1488 quin
710 1389 845 1492 aliquid
863 1391 1018 1466 utilitatis
1041 1394 1074 1464 ei
1095 1389 1212 1476 afferre
1227 1417 1295 1487 pos·

222 1559 226 1568 -
265 1519 331 1592 sit:
358 1515 421 1588 sed
438 1515 623 1616 praecipue
650 1527 766 1590 tamen
787 1516 843 1590 hic
865 1517 1054 1592 laudandae
1073 1499 1160 1590 ¹sunt
1182 1518 1294 1589 Litera-

263 1669 344 1716 rum
371 1645 552 1714 Saorarum
576 1641 837 1742 interpretatio,
867 1644 998 1743 Religio
1022 1643 1185 1736 naturalis
1202 1655 1233 1714 et
1246 1641 1293 1714 Di·

263 1770 397 1844 vinitus
415 1749 583 1866 patefacta
611 1780 657 1839 etr
675 1767 851 1860 Historia,
886 1797 975 1870 quae
1009 1770 1161 1858 dicitur,
1192 1769 1292 1841 Eccle-

264 1899 409 1970 siastico
438 1895 525 1990 (ἦ).
573 1989 576 1994 Ι
676 1917 678 1922 ’
854 1975 856 1982 y

737 2022 767 2118 §.
817 2021 851 2093 6.

270 2161 272 2168 ⁵
311 2186 482 2258 Omnium
504 2207 621 2256 rerum
639 2197 744 2282 caput
759 2183 797 2254 in
817 2183 1014 2255 Litercrum
1032 2186 1218 2260 Sacrorum
1236 2208 1291 2255 oer-

166 2307 168 2314 ’
263 2316 360 2388 nitur
383 2315 687 2408 interpretatione:
710 2332 783 2380 non
813 2307 924 2380 solum
949 2311 1044 2381 onim
1073 2311 1194 2386 harum
1218 2313 1292 2384 Lite·

260 2466 381 2512 rarum
418 2439 620 2510 auctoritate
655 2435 720 2507 niti
759 2433 888 2526 debet,
931 2435 1103 2538 quidquid
1137 2438 1179 2512 de
1208 2435 1292 2508 rebus

262 2565 470 2638 Christianis
502 2590 567 2663 pro
597 2564 766 2636 concione
798 2560 926 2635 dieitur
962 2561 1053 2660 (');
1096 2565 1157 2636 sed
1194 2589 1292 2636 aarum

204 2699 206 2702 ’
262 2695 367 2767 etiam
389 2689 630 2790 interpretatio
648 2691 804 2760 muneris
825 2688 961 2760 Oratori
986 2690 1092 2762 Sacro
1116 2689 1293 2763 demandati

261 2818 457 2917 gravissima
481 2843 561 2916 pars
585 2830 637 2888 est
661 2815 734 2914 (§)

1193 2981 1222 3064 ἓ·
1265 2995 1291 3068 7·

295 3171 361 3244 (τ)
379 3168 424 3224 De
441 3166 484 3224 his
502 3166 618 3242 aliisque
626 3167 755 3242 legantur
773 3183 812 3218 ur
824 3179 905 3218 rear
917 3184 932 3218 u
943 3181 973 3231 r,
990 3163 1024 3219 de
1043 3169 1203 3246 Theclam,
1219 3165 1295 3224 seu&

221 3295 223 3300 ·
257 3264 370 3320 ratione
386 3257 471 3316 studii
502 3257 669 3330 Theologiei.
697 3271 846 3308 noenta.
875 3251 910 3306 de
941 3251 1147 3314 Predilrlrmade.
1175 3257 1251 3312 Torn.
1267 3253 1296 3306 11.

259 3371 287 3426 p.
308 3351 364 3406 165.
383 3365 443 3422 sqq.
464 3355 493 3400 et
508 3363 567 3400 sac
577 3365 619 3414 n,
641 3342 766 3398 Waanie
778 3360 811 3397 eo
829 3339 999 3396 schoonireid
1009 3345 1061 3402 der
1078 3342 1298 3424 Godgelcerdlcid

257 3457 293 3492 en
312 3457 365 3492 van
385 3437 437 3493 den
459 3434 635 3510 geestelijlten
654 3431 745 3488 stand.
781 3448 809 3504 p.
826 3433 858 3484 25
878 3448 937 3504 sqq.
966 3428 1021 3486 Sed
1042 3435 1158 3504 omnia,
1177 3453 1243 3508 qnae
1266 3428 1297 3485 ibi

256 3536 428 3592 monentur,
449 3524 535 3600 hujus
555 3522 609 3582 loci
625 3541 682 3578 non
701 3529 782 3590 sunt3
800 3517 905 3594 quippe
927 3535 999 3592 quae
1021 3520 1057 3575 ad
1078 3532 1172 3577 totum
1184 3529 1295 3596 spectant

256 3611 385 3668 antatitis
403 3613 550 3670 Sacrorum
572 3629 693 3670 munus=
712 3629 763 3667 nos
781 3627 848 3666 vero
866 3608 901 3664 de
919 3609 979 3678 ejus
998 3619 1108 3666 tanturn
1126 3609 1232 3686 agimus
1241 3625 1296 3686 par·

253 3711 299 3772 te,
317 3690 442 3776 quaein
463 3703 591 3760 Oratoris
613 3701 688 3759 Sacri
709 3697 853 3778 provincia
871 3699 1001 3752 cernitur.

289 3794 348 3869 (*)
374 3794 446 3849 Part.
459 3791 484 3847 Ι.
507 3809 602 3867 capa.
625 3795 649 3864 ἓ.
665 3811 694 3847 aa
713 3809 773 3865 sqq.

291 3883 345 3958 (ἓ)
371 3882 449 3936 Part.
461 3881 498 3936 11.
516 3898 612 3955 capr.
631 3885 656 3953 §-
668 3883 701 3934 60
715 3899 774 3953 sqq.
805 3877 847 3932 Cs.
861 3885 973 3952 praeter
991 3873 1058 3931 alios
1077 3896 1115 3930 rr.
1126 3897 1202 3945 aaa,
1222 3876 1293 3929 Tom.

250 3975 285 4030 11.
302 3996 331 4052 p.
345 3993 376 4042 72
390 3991 448 4048 sqq.
468 3980 498 4026 et
519 3989 541 4024 o.
562 3991 587 4024 c.
610 3987 793 4034 stauraci,
816 3966 1021 4039 Verhondcling
1035 3982 1101 4020 over
1112 3969 1167 4022 den
1179 3965 1293 4020 wasdom

253 4067 305 4121 der·
326 4061 499 4145 Christelijie
526 4061 683 4128 Leeraar's‚
711 4064 740 4113 in
762 4058 857 4115 ieonis
883 4075 916 4115 en
939 4055 1150 4130 ondervindirrg,
1178 4073 1251 4132 rnaar¹
1265 4053 1293 4106 de

249 4147 390 4230 bilroesten
410 4171 463 4206 van
485 4167 569 4206 arnon
587 4149 647 4224 tijd.
677 4169 705 4223 p.
720 4151 750 4216 37
763 4165 821 4222 sqq.
