2774 5022
185 345 320 428 &11⁶
347 353 386 429 G.
407 355 442 431 t*
472 339 547 431 ‘De
569 345 665 432 Orat}
691 358 821 436 Samae
844 371 1003 448 mmeuu.
1068 373 1121 473 ·9i

81 547 176 661 puali
201 551 364 652 regionis.
413 551 526 645 ¹Quod
554 552 644 628 hano
671 553 778 632 habet
806 557 905 652 ιίιιι,
942 577 984 638 ut
1021 591 1053 642 e.
1092 595 1124 648 c'.

81 679 150 755 atta
172 677 213 754 tn
237 669 328 754 rocta
346 701 383 752 se
400 677 593 754 identidem
613 680 775 758 effusioni
798 687 836 762 tn
856 685 987 762 uuam
1005 713 1045 766 ae
1065 691 1127 768 aa.
1242 681 1248 700 '

81 809 205 886 liutem
241 806 351 881 eitam
385 818 527 880 strenue
558 831 733 910 opponere
766 837 935 916 perquam
965 841 1126 895 necessa·-
1161 853 1163 859 ·
1216 844 1220 850 ’

79 937 183 1027 num,
208 933 249 1005 in
277 931 354 1006 aliis
380 931 474 1011 iliud
500 934 555 1008 rel
584 935 693 1009 semel
725 941 895 1039 attingere
920 942 1126 1023 absurdissi-

80 1087 166 1137 mum
194 1063 251 1133 sit.
303 1059 530 1152 Quinetiam
554 1063 594 1137 iu
622 1061 767 1142 diversis
794 1067 952 1167 ejusdem
974 1075 1126 1172 regionis

81 1187 260 1288 provinciis
284 1183 371 1258 haec
390 1186 575 1260 hominum
596 1181 778 1266 diversitas
796 1207 892 1268 tanta
914 1211 986 1292 est,
1012 1207 1079 1274 ut
1050 1230 1125 1302 qu·

17 1313 317 1406 dicium‚mu
317 1312 405 1390 teria
431 1315 597 1426 orationis
626 1314 753 1390 idonea
782 1345 829 1392 an
853 1323 971 1399 murus
995 1325 1124 1404 idonea

80 1443 130 1533 sit,
153 1418 234 1544 pius
259 1412 407 1514 semela
430 1418 655 1542 quaestione,
683 1442 829 1520 ubinam
854 1443 1012 1546 dicatur,
1034 1479 1125 1555 pen

80 1567 168 1642 dest:
200 1571 309 1642 utic
334 1593 367 1640 c.
378 1567 441 1647 in
469 1565 645 1674 plerisque
672 1568 880 1648 Hellandiae
908 1584 1150 1680 septemtrio-t

79 1693 154 1768 nelis
185 1695 283 1794 pagis
308 1664 467 1796 ineptum
496 1707 569 1788 est,
594 1720 714 1779 veram
744 1723 873 1775 cumsrr
899 1700 1124 1808 disciplinam

80 1820 231 1895 adversus
254 1821 508 1922 superstitionis
534 1789 703 1912 fanaticae
724 1841 921 1903 comente
945 1834 1063 1927 tueri;
1086 1864 1121 1911 a·

80 1947 267 2046 ptissimum
291 1972 376 2022 vero
397 1948 583 2040 Praetico,
608 1975 714 2052 quem
742 1968 869 2029 vocant
878 1959 1123 2060 ,Iudiffereru

78 2077 168 2148 demo
192 2085 335 2148 strenue
352 2074 558 2182 fortiterque
579 2063 719 2153 chriam
741 2081 821 2154 ire:
846 2107 866 2154 e
890 2091 1122 2186 ιιοιιιιιιιίοἰηΙ

78 2195 255 2276 Hollaudia
282 2177 430 2304 australi¹
444 2199 535 2276 illud
556 2201 653 2278 haud
680 2231 803 2300 saeue,
828 2222 865 2282 et
885 2236 987 2315 saepe
1010 2215 1123 2296 multo

76 2329 190 2427 magis,
215 2353 322 2430 quam
340 2325 604 2428 hoeagendum
618 2344 681 2436 est.

449 2543 452 2550 ·
527 2512 558 2612 a
605 2512 666 2608 a.

117 2693 316 2787 Praeterea,
341 2707 381 2768 ut
396 2696 557 2770 orationis
573 2699 720 2771 materia
734 2697 933 2776 auditorum
952 2690 1123 2810 ingeniis,¹

77 2819 293 2921 opinionibus
317 2846 357 2893 ac
377 2821 532 2896 moribus
552 2825 761 2966 convqniat,
787 2827 1040 2910 attendendum
1068 2856 1123 2918 est

77 2947 119 3018 ud
120 2947 302 3043 fortunae
324 2959 482 3040 emtum,
506 2973 581 3048 quo
607 2927 660 3021 ill
644 2977 657 3022 ι
680 2965 845 3028 utuntur.
892 2956 961 3034 Alii
989 2989 1120 3070 nempe

77 3087 216 3147 oratores
244 3075 284 3146 in
314 3075 521 3146 concionem
544 3077 711 3151 vocantur
731 3075 915 3156 hominum
928 3116 1121 3192 ,quorum

75 3199 224 3303 plerique
255 3197 311 3274 vel
332 3177 457 3300 opibus
486 3199 687 3296 abundant,
719 3199 793 3284 'vet
810 3223 905 3284 certe
933 3212 979 3288 ad
1010 3221 1132 3294 vitam*

74 3324 153 3402 bene
175 3325 437 3401 sustentandam
462 3325 554 3402 nihil
575 3328 785 3410 desiderant
812 3335 921 3411 Aliis
945 3340 1118 3420 auditores

73 3469 166 3546 sunt,
200 3457 280 3556 qui,
304 3453 498 3527 'maximam
524 3469 684 3565 partem,
722 3473 778 3551 et,
807 3461 866 3534 vix
895 3489 965 3538 uuo
993 3467 1120 3546 altero·

72 3606 131 3680 que
146 3595 291 3682 excepto
307 3639 316 3674 ,
344 3583 488 3658 omnino
505 3607 626 3655 omnes
650 3585 844 3659 tristissima
858 3613 978 3663 rerum
992 3597 1119 3696 jucun.

72 3702 187 3782 darum
221 3722 257 3782 et
276 3687 331 3782 vei
352 3709 622 3786 necessariarum
641 3709 760 3810 inopia
778 3729 997 3812 premuntur.
1047 3718 1129 3799 Ita-¹

72 3859 154 3931 que,
179 3847 220 3908 ut
251 3835 289 3909 hi
321 3849 491 3937 perpetuo
524 3861 661 3908 sursum
683 3837 842 3937 erigendi
869 3839 974 3936 sunt{
996 3869 1043 3918 ne
1068 3861 1134 3921 te-¹

71 3963 177 4039 nutus
204 3961 411 4036 conditionis
431 3959 662 4035 humilitatem
683 3965 791 4038 animi
810 3981 847 4039 et
865 3971 1030 4046 uitiorum
1051 4001 1121 4051 sor·

74 4083 130 4158 des
149 4095 388 4198 paupertatem
414 4089 685 4170 concomitantes
712 4091 881 4191 attrahet;
905 4098 956 4172 sic
978 4097 1032 4176 itti
1067 4131 1120 4178 as·
1145 4093 1153 4103 ⁵

991 4279 993 4286 ,
1081 4232 1123 4308 si-
