2726 5022
206 419 279 510 not
335 418 448 492 P.·11.
476 415 515 490 c.-
535 415 579 491 V.
628 417 684 490 De
709 413 964 488 omassacrae
987 420 1133 492 acuum.

615 623 631 630 ”
653 611 701 709 '§.
753 608 806 684 16.

204 779 223 818 ·'·
254 751 354 841 Jure¹
368 768 472 866 igitur
494 768 690 868 meritoque
723 763 800 839 Viri
822 764 918 837 docti
946 763 1110 837 Oratores
1135 747 1259 839 Sacros

206 875 377 983 mittant,
402 907 441 965 ut
463 871 530 963 s'ibi
552 891 753 964 facultatem
782 888 828 964 de
849 887 957 962 rebus
977 901 1058 962 ante
1083 887 1260 964 meditatis

201 1021 405 1093 memoriter
434 1015 575 1092 dicendi
609 1041 807 1117 comparare
838 1029 1006 1090 conentur
1036 1015 1120 1114 (ᾧ)
1180 1018 1261 1108 Quo

203 1131 329 1218 melius
347 1159 463 1221 autem
481 1144 518 1217 hi
540 1156 683 1216 conatus
703 1145 748 1217 iis
765 1155 904 1216 ex'roto
921 1141 1129 1235 succedant;
1155 1143 1263 1216 linea-

202 1281 322 1344 menta
346 1273 530 1359 orationis,
559 1295 647 1372 quae
669 1269 877 1360 habebitur,
901 1296 976 1342 non
1001 1267 1112 1342 sulum
1137 1270 1264 1367 cogita·

202 1398 296 1470 tione
315 1395 601 1498 complectenda,
626 1396 689 1470 sed
713 1394 819 1470 etiam
841 1398 880 1470 in
903 1395 1058 1470 chartam
1077 1381 1263 1495 conjicien-

201 1519 269 1614 da,
294 1519 424 1596 deinde
453 1524 640 1596 memoriae
666 1522 865 1622 infigenda,
900 1520 1053 1622 denique
1081 1547 1147 1621 pro
1176 1547 1261 1594 con-

200 1649 302 1750 cione
325 1647 449 1750 populi
469 1650 514 1729 ita
533 1647 760 1752 producenda
779 1647 962 1740 videntur,
989 1661 1030 1722 ut
1056 1661 1128 1720 tcta
1152 1649 1260 1730 oratio

202 1799 244 1848 ex
270 1799 390 1848 eorum
414 1777 684 1884 amplificatione
709 1789 901 1858 enascatur.

663 1931 692 2030 t·
747 1957 801 2032 ¹7·

201 2087 521 2179 Verumtamen,
554 2087 600 2162 ne¹
634 2088 744 2227 quisq
765 2088 917 2160 Graecos
943 2095 979 2156 et
1003 2086 1175 2159 Romanos
1201 2113 1258 2160 re-

198 2225 290 2286 teres
318 2215 387 2289 sibi
411 2215 503 2288 hanc
530 2216 621 2288 viam
650 2213 837 2314 praeivisse
859 2209 1004 2302 videns,
1029 2211 1171 2284 fortasse
1198 2237 1258 2285 eu

199 2338 318 2412 ducier
336 2343 399 2432 sit,
426 2339 548 2414 sedulo
564 2339 781 2414 monendum
800 2353 870 2430 est,
894 2337 1001 2411 his
968 2341 1052 2414 vrris
1068 2337 1170 2438 longe
1188 2342 1259 2412 mi-

198 2489 265 2535 nus
294 2463 433 2538 labendi
460 2465 564 2545 fuisse
598 2464 820 2566 periculum,
853 2491 958 2567 quam
990 2464 1128 2539 Oratori
1154 2467 1254 2539 Sacro

198 2587 325 2664 horum
350 2605 549 2693 temporum
581 2595 774 2668 immineat.
835 2593 995 2666 Primum
1024 2595 1119 2666 enim
1154 2617 1278 2666 mens

196 2713 350 2791 hominis
373 2743 446 2791 non
469 2733 540 2791 tam
564 2718 725 2792 celeriter
754 2719 800 2793 ab
830 2721 994 2793 orationis
1014 2717 1150 2810 civilis,
1174 2747 1257 2820 qua·

196 2841 247 2913 les
267 2842 311 2915 ab
333 2845 400 2917 illis
419 2845 559 2928 habitae
587 2860 691 2939 sunt,
715 2873 822 2948 quam
842 2849 967 2922 Sacrae
987 2857 1190 2946 argumento
1211 2845 1257 2919 ad

196 2967 307 3043 aliena
332 2971 555 3045 abstrahitur.
605 2972 793 3046 Deinde'
765 2999 795 3046 st
818 2976 895 3076 quis
915 2973 999 3046 olim
1023 2975 1119 3045 inter
1134 2971 1257 3046 dicen-

194 3089 305 3168 dnm
297 3095 343 3170 ab
366 3119 427 3189 co,
445 3097 542 3232 quod
558 3126 701 3194 verum,
716 3099 906 3202 pulchrum
923 3115 959 3173 et
977 3097 1166 3216 honestum
1184 3112 1256 3190 est,

193 3223 437 3321 imprudenter
457 3199 657 3320 aberrabat3
684 3228 780 3302 hunc
802 3229 917 3300 statim
941 3227 1066 3299 concio
1096 3205 1256 3300 murmu-

193 3347 329 3442 rando,
355 3351 498 3453 aliisque
529 3355 731 3428 offensionis
755 3355 949 3445 indiciis,
939 3381 976 3426 ru
1001 3354 1093 3426 viam
1113 3379 1257 3428 revoca-

192 3475 262 3548 vitz
289 3505 385 3552 nunc
412 3483 555 3554 veroin
585 3479 729 3553 aedibus
756 3481 869 3554 Sacris
899 3479 966 3554 sibi
994 3463 1133 3582 suisque
1161 3485 1256 3554 erro·

189 3601 289 3674 ribus
317 3629 422 3676 nemo
446 3631 520 3678 non
551 3605 771 3706 relinquitur.
817 3608 978 3707 Denique
999 3606 1168 3700 Veteres,
1193 3609 1260 3709 qui·

190 3725 236 3798 ad
269 3727 460 3803 dicendum
493 3732 798 3832 procederent,a
832 3741 1013 3836 juventute
1038 3730 1151 3804 multo
1185 3758 1256 3818 ma-

1086 3943 1091 3952 .
1204 3885 1255 3958 8¹⁸

242 4056 296 4128 (Η
325 4053 471 4112 Morsu.
513 4053 594 4110 Turn.
622 4053 662 4110 11.
694 4075 721 4131 p.
748 4060 817 4125 ste,
848 4061 904 4124 147.
948 4075 1119 4122 cisum,
1145 4071 1174 4128 p.
1195 4070 1256 4118 ποῖ.

191 4159 375 4209 senuaar,
404 4162 431 4217 p.
451 4151 483 4198 ει
508 4161 569 4218 sqq.
599 4163 754 4215 ucuorr,
785 4145 865 4199 Turn.
881 4143 918 4200 11.
944 4163 969 4224 p.
996 4147 1142 4212 (ιδῃίιθι.
1168 4159 1256 4197 ιιι-

191 4247 291 4299 sm,
320 4234 495 4306 parqsqq,
