<?xml version="1.0" encoding="UTF-8"?>
<!DOCTYPE html PUBLIC "-//W3C//DTD XHTML 1.0 Transitional//EN"
    "http://www.w3.org/TR/xhtml1/DTD/xhtml1-transitional.dtd">
<html xmlns="http://www.w3.org/1999/xhtml" xml:lang="en" lang="en">
 <head>
  <title>
</title>
<meta http-equiv="Content-Type" content="text/html;charset=utf-8" />
  <meta name='ocr-system' content='tesseract 3.04.00' />
  <meta name='ocr-capabilities' content='ocr_page ocr_carea ocr_par ocr_line ocrx_word'/>
</head>
<body>
  <div class='ocr_page' id='page_1' title='image "./institutioorato00henggoog/institutioorato00henggoog_0262.png"; bbox 0 0 2726 5022; ppageno 0'>
   <div class='ocr_carea' id='block_1_1' title="bbox 139 401 1170 505">
    <p class='ocr_par' dir='ltr' id='par_1_1' title="bbox 139 401 1170 505">
     <span class='ocr_line' id='line_1_1' title="bbox 139 401 1170 505; baseline -0.008 -23"><span class='ocrx_word' id='word_1_1' title='bbox 139 464 144 472; x_wconf 82' lang='grc'>.</span> <span class='ocrx_word' id='word_1_2' title='bbox 186 401 289 480; x_wconf 79' lang='lat' dir='ltr'><strong>rebus</strong></span> <span class='ocrx_word' id='word_1_3' title='bbox 319 402 364 476; x_wconf 81' lang='lat' dir='ltr'><strong>ab</strong></span> <span class='ocrx_word' id='word_1_4' title='bbox 377 404 528 476; x_wconf 79' lang='lat' dir='ltr'><strong>Oratore</strong></span> <span class='ocrx_word' id='word_1_5' title='bbox 551 407 660 479; x_wconf 87' lang='lat' dir='ltr'><strong>Sacro</strong></span> <span class='ocrx_word' id='word_1_6' title='bbox 684 405 955 505; x_wconf 58' lang='lat' dir='ltr'><strong>cognoscendis«</strong></span> <span class='ocrx_word' id='word_1_7' title='bbox 1018 406 1090 501; x_wconf 65' lang='lat'><strong>241}</strong></span> <span class='ocrx_word' id='word_1_8' title='bbox 1168 451 1170 458; x_wconf 29' lang='grc' dir='ltr'><strong><em>ι</em></strong></span> 
     </span>
    </p>
   </div>
   <div class='ocr_carea' id='block_1_2' title="bbox 11 598 1185 1206">
    <p class='ocr_par' dir='ltr' id='par_1_2' title="bbox 11 598 1185 1206">
     <span class='ocr_line' id='line_1_2' title="bbox 58 598 1089 700; baseline 0 -22"><span class='ocrx_word' id='word_1_9' title='bbox 58 604 207 691; x_wconf 50' lang='lat' dir='ltr'><strong>nectem</strong></span> <span class='ocrx_word' id='word_1_10' title='bbox 229 603 316 700; x_wconf 76' lang='lat' dir='ltr'><strong>quae</strong></span> <span class='ocrx_word' id='word_1_11' title='bbox 328 598 513 674; x_wconf 75' lang='lat' dir='ltr'><strong>&#39;Ecclesiae</strong></span> <span class='ocrx_word' id='word_1_12' title='bbox 537 599 584 672; x_wconf 90' lang='lat' dir='ltr'><strong>ita</strong></span> <span class='ocrx_word' id='word_1_13' title='bbox 606 599 719 674; x_wconf 87' lang='lat' dir='ltr'><strong>dictae</strong></span> <span class='ocrx_word' id='word_1_14' title='bbox 732 629 746 692; x_wconf 61' lang='lat'><strong>,¹</strong></span> <span class='ocrx_word' id='word_1_15' title='bbox 768 614 804 674; x_wconf 82' lang='lat' dir='ltr'><strong>et</strong></span> <span class='ocrx_word' id='word_1_16' title='bbox 836 603 1006 677; x_wconf 86' lang='lat' dir='ltr'><strong>internam</strong></span> <span class='ocrx_word' id='word_1_17' title='bbox 1018 661 1028 696; x_wconf 89' lang='lat'>,</span> <span class='ocrx_word' id='word_1_18' title='bbox 1053 619 1089 678; x_wconf 86' lang='lat' dir='ltr'><strong>et</strong></span> 
     </span>
     <span class='ocr_line' id='line_1_3' title="bbox 59 724 1091 830; baseline 0.002 -29"><span class='ocrx_word' id='word_1_19' title='bbox 59 742 217 801; x_wconf 74' lang='lat' dir='ltr'><strong>externam</strong></span> <span class='ocrx_word' id='word_1_20' title='bbox 238 724 474 810; x_wconf 86' lang='lat' dir='ltr'><strong>conditionem</strong></span> <span class='ocrx_word' id='word_1_21' title='bbox 496 724 580 798; x_wconf 86' lang='lat' dir='ltr'><strong>inde</strong></span> <span class='ocrx_word' id='word_1_22' title='bbox 599 725 644 798; x_wconf 79' lang='lat' dir='ltr'><strong>ab</strong></span> <span class='ocrx_word' id='word_1_23' title='bbox 668 727 800 826; x_wconf 84' lang='lat' dir='ltr'><strong>origine</strong></span> <span class='ocrx_word' id='word_1_24' title='bbox 827 724 955 830; x_wconf 83' lang='lat' dir='ltr'><strong>repetit</strong></span> <span class='ocrx_word' id='word_1_25' title='bbox 976 743 1012 802; x_wconf 85' lang='lat' dir='ltr'><strong>et</strong></span> <span class='ocrx_word' id='word_1_26' title='bbox 1034 755 1091 805; x_wconf 81' lang='lat' dir='ltr'><strong>ex-</strong></span> 
     </span>
     <span class='ocr_line' id='line_1_4' title="bbox 57 850 1092 954; baseline 0.004 -27"><span class='ocrx_word' id='word_1_27' title='bbox 57 854 156 953; x_wconf 79' lang='lat' dir='ltr'><strong>ponit.</strong></span> <span class='ocrx_word' id='word_1_28' title='bbox 204 850 322 926; x_wconf 85' lang='lat' dir='ltr'><strong>Altera</strong></span> <span class='ocrx_word' id='word_1_29' title='bbox 343 865 459 924; x_wconf 88' lang='lat' dir='ltr'><strong>autem</strong></span> <span class='ocrx_word' id='word_1_30' title='bbox 476 877 556 951; x_wconf 89' lang='lat' dir='ltr'><strong>pars</strong></span> <span class='ocrx_word' id='word_1_31' title='bbox 582 857 659 954; x_wconf 88' lang='lat' dir='ltr'><strong>ejus</strong></span> <span class='ocrx_word' id='word_1_32' title='bbox 676 865 832 926; x_wconf 81' lang='lat' dir='ltr'><strong>versatur</strong></span> <span class='ocrx_word' id='word_1_33' title='bbox 850 855 888 926; x_wconf 90' lang='lat' dir='ltr'><strong>in</strong></span> <span class='ocrx_word' id='word_1_34' title='bbox 909 856 1014 930; x_wconf 91' lang='lat' dir='ltr'><strong>rebus</strong></span> <span class='ocrx_word' id='word_1_35' title='bbox 1032 884 1092 931; x_wconf 84' lang='lat' dir='ltr'><strong>an·</strong></span> 
     </span>
     <span class='ocr_line' id='line_1_5' title="bbox 11 979 1185 1082; baseline 0.006 -31"><span class='ocrx_word' id='word_1_36' title='bbox 11 1015 12 1020; x_wconf 39' lang='lat'>¹</span> <span class='ocrx_word' id='word_1_37' title='bbox 56 993 84 1051; x_wconf 86' lang='lat' dir='ltr'><strong>te</strong></span> <span class='ocrx_word' id='word_1_38' title='bbox 105 1001 317 1052; x_wconf 75' lang='lat' dir='ltr'><strong>castrarent</strong></span> <span class='ocrx_word' id='word_1_39' title='bbox 349 979 473 1076; x_wconf 88' lang='lat' dir='ltr'><strong>gestis;</strong></span> <span class='ocrx_word' id='word_1_40' title='bbox 508 979 613 1052; x_wconf 78' lang='lat' dir='ltr'><strong>&#39;altera</strong></span> <span class='ocrx_word' id='word_1_41' title='bbox 639 979 813 1068; x_wconf 86' lang='lat' dir='ltr'><strong>continet,</strong></span> <span class='ocrx_word' id='word_1_42' title='bbox 837 1006 924 1081; x_wconf 89' lang='lat' dir='ltr'><strong>quae</strong></span> <span class='ocrx_word' id='word_1_43' title='bbox 956 983 1091 1082; x_wconf 87' lang='lat' dir='ltr'><strong>religio·</strong></span> <span class='ocrx_word' id='word_1_44' title='bbox 1182 1067 1185 1074; x_wconf 50' lang='grc'><em>,</em></span> 
     </span>
     <span class='ocr_line' id='line_1_6' title="bbox 11 1104 834 1206; baseline 0.002 -28"><span class='ocrx_word' id='word_1_45' title='bbox 11 1147 12 1162; x_wconf 51' lang='lat'>1</span> <span class='ocrx_word' id='word_1_46' title='bbox 56 1128 125 1178; x_wconf 86' lang='lat' dir='ltr'><strong>nem</strong></span> <span class='ocrx_word' id='word_1_47' title='bbox 146 1118 180 1178; x_wconf 92' lang='lat' dir='ltr'><strong>et</strong></span> <span class='ocrx_word' id='word_1_48' title='bbox 198 1105 397 1178; x_wconf 86' lang='lat' dir='ltr'><strong>societatem</strong></span> <span class='ocrx_word' id='word_1_49' title='bbox 417 1118 576 1206; x_wconf 85' lang='lat' dir='ltr'><strong>spectant</strong></span> <span class='ocrx_word' id='word_1_50' title='bbox 595 1104 834 1180; x_wconf 81' lang='lat' dir='ltr'><strong>Christianam.</strong></span> 
     </span>
    </p>
   </div>
   <div class='ocr_carea' id='block_1_3' title="bbox 11 1258 1229 3280">
    <p class='ocr_par' dir='ltr' id='par_1_3' title="bbox 11 1258 1229 3280">
     <span class='ocr_line' id='line_1_7' title="bbox 382 1258 692 1358; baseline 0.003 -26"><span class='ocrx_word' id='word_1_51' title='bbox 382 1259 386 1267; x_wconf 71' lang='grc'><strong>“</strong></span> <span class='ocrx_word' id='word_1_52' title='bbox 493 1261 527 1358; x_wconf 83' lang='lat'><strong>§.</strong></span> <span class='ocrx_word' id='word_1_53' title='bbox 578 1258 639 1336; x_wconf 81' lang='lat'><strong>26.</strong></span> <span class='ocrx_word' id='word_1_54' title='bbox 690 1289 692 1293; x_wconf 66' lang='grc'>’</span> 
     </span>
     <span class='ocr_line' id='line_1_8' title="bbox 11 1397 1088 1512; baseline 0.008 -27"><span class='ocrx_word' id='word_1_55' title='bbox 11 1397 12 1404; x_wconf 26' lang='lat'>¹</span> <span class='ocrx_word' id='word_1_56' title='bbox 92 1399 263 1489; x_wconf 78' lang='lat' dir='ltr'><strong>Historiae</strong></span> <span class='ocrx_word' id='word_1_57' title='bbox 285 1414 389 1512; x_wconf 85' lang='lat' dir='ltr'><strong>igitur</strong></span> <span class='ocrx_word' id='word_1_58' title='bbox 410 1415 678 1488; x_wconf 82' lang='lat' dir='ltr'><strong>Ecclesiasticae</strong></span> <span class='ocrx_word' id='word_1_59' title='bbox 700 1411 823 1512; x_wconf 87' lang='lat' dir='ltr'><strong>peritia</strong></span> <span class='ocrx_word' id='word_1_60' title='bbox 840 1418 968 1491; x_wconf 81' lang='lat' dir='ltr'><strong>Orator</strong></span> <span class='ocrx_word' id='word_1_61' title='bbox 987 1421 1088 1494; x_wconf 82' lang='lat' dir='ltr'><strong>Sacer</strong></span> 
     </span>
     <span class='ocr_line' id='line_1_9' title="bbox 55 1521 1090 1642; baseline 0.01 -30"><span class='ocrx_word' id='word_1_62' title='bbox 55 1521 263 1638; x_wconf 50' lang='lat' dir='ltr'><strong>lamidcir&#39;co</strong></span> <span class='ocrx_word' id='word_1_63' title='bbox 295 1563 411 1614; x_wconf 88' lang='lat' dir='ltr'><strong>carere</strong></span> <span class='ocrx_word' id='word_1_64' title='bbox 436 1540 581 1642; x_wconf 83' lang='lat' dir='ltr'><strong>nequit,</strong></span> <span class='ocrx_word' id='word_1_65' title='bbox 607 1541 687 1639; x_wconf 90' lang='lat' dir='ltr'><strong>quia</strong></span> <span class='ocrx_word' id='word_1_66' title='bbox 718 1543 800 1616; x_wconf 84' lang='lat' dir='ltr'><strong>satis</strong></span> <span class='ocrx_word' id='word_1_67' title='bbox 826 1543 947 1617; x_wconf 89' lang='lat' dir='ltr'><strong>crebro</strong></span> <span class='ocrx_word' id='word_1_68' title='bbox 972 1545 1090 1622; x_wconf 85' lang='lat' dir='ltr'><strong>adar·</strong></span> 
     </span>
     <span class='ocr_line' id='line_1_10' title="bbox 11 1647 1090 1772; baseline 0.006 -33"><span class='ocrx_word' id='word_1_69' title='bbox 11 1689 12 1772; x_wconf 64' lang='lat' dir='ltr'><strong>l</strong></span> <span class='ocrx_word' id='word_1_70' title='bbox 55 1681 263 1762; x_wconf 76' lang='lat' dir='ltr'><strong>gementum,</strong></span> <span class='ocrx_word' id='word_1_71' title='bbox 287 1669 385 1770; x_wconf 86' lang='lat' dir='ltr'><strong>cujus</strong></span> <span class='ocrx_word' id='word_1_72' title='bbox 416 1647 652 1764; x_wconf 36' lang='lat' dir='ltr'><strong>lraud&#39;exi&#39;gua</strong></span> <span class='ocrx_word' id='word_1_73' title='bbox 680 1692 761 1767; x_wconf 89' lang='lat' dir='ltr'><strong>pars</strong></span> <span class='ocrx_word' id='word_1_74' title='bbox 786 1668 870 1744; x_wconf 87' lang='lat' dir='ltr'><strong>hinc</strong></span> <span class='ocrx_word' id='word_1_75' title='bbox 897 1672 1090 1772; x_wconf 86' lang='lat' dir='ltr'><strong>repetenda</strong></span> 
     </span>
     <span class='ocr_line' id='line_1_11' title="bbox 11 1789 1090 1902; baseline 0.011 -42"><span class='ocrx_word' id='word_1_76' title='bbox 11 1841 15 1872; x_wconf 63' lang='lat'><em>,</em></span> <span class='ocrx_word' id='word_1_77' title='bbox 55 1804 112 1882; x_wconf 85' lang='lat' dir='ltr'><strong>est,</strong></span> <span class='ocrx_word' id='word_1_78' title='bbox 133 1819 196 1893; x_wconf 92' lang='lat' dir='ltr'><strong>pro</strong></span> <span class='ocrx_word' id='word_1_79' title='bbox 222 1795 389 1902; x_wconf 74' lang='lat' dir='ltr'><strong>concione</strong></span> <span class='ocrx_word' id='word_1_80' title='bbox 419 1789 646 1864; x_wconf 89' lang='lat' dir='ltr'><strong>tractandum</strong></span> <span class='ocrx_word' id='word_1_81' title='bbox 669 1807 823 1868; x_wconf 81' lang='lat' dir='ltr'><strong>vocatur.</strong></span> <span class='ocrx_word' id='word_1_82' title='bbox 872 1795 1005 1870; x_wconf 89' lang='lat' dir='ltr'><strong>Deinde</strong></span> <span class='ocrx_word' id='word_1_83' title='bbox 1031 1798 1090 1872; x_wconf 87' lang='lat' dir='ltr'><strong>illa</strong></span> 
     </span>
     <span class='ocr_line' id='line_1_12' title="bbox 54 1915 1090 2024; baseline 0.008 -36"><span class='ocrx_word' id='word_1_84' title='bbox 54 1921 212 2018; x_wconf 84' lang='lat' dir='ltr'><strong>insignem</strong></span> <span class='ocrx_word' id='word_1_85' title='bbox 235 1923 268 1993; x_wconf 89' lang='lat' dir='ltr'><strong>ei</strong></span> <span class='ocrx_word' id='word_1_86' title='bbox 290 1915 476 2019; x_wconf 77' lang='lat' dir='ltr'><strong>praestabit</strong></span> <span class='ocrx_word' id='word_1_87' title='bbox 497 1939 622 2019; x_wconf 85' lang='lat' dir='ltr'><strong>opem,</strong></span> <span class='ocrx_word' id='word_1_88' title='bbox 646 1929 686 1991; x_wconf 88' lang='lat' dir='ltr'><strong>ut</strong></span> <span class='ocrx_word' id='word_1_89' title='bbox 711 1918 779 1992; x_wconf 87' lang='lat' dir='ltr'><strong>sibi</strong></span> <span class='ocrx_word' id='word_1_90' title='bbox 807 1919 950 2024; x_wconf 88' lang='lat' dir='ltr'><strong>aliisque</strong></span> <span class='ocrx_word' id='word_1_91' title='bbox 974 1921 1090 1996; x_wconf 89' lang='lat' dir='ltr'><strong>homi·</strong></span> 
     </span>
     <span class='ocr_line' id='line_1_13' title="bbox 11 2043 1091 2143; baseline 0.007 -29"><span class='ocrx_word' id='word_1_92' title='bbox 11 2047 12 2128; x_wconf 61' lang='lat' dir='ltr'><strong>l</strong></span> <span class='ocrx_word' id='word_1_93' title='bbox 54 2043 142 2116; x_wconf 89' lang='lat' dir='ltr'><strong>nibus</strong></span> <span class='ocrx_word' id='word_1_94' title='bbox 165 2046 209 2120; x_wconf 88' lang='lat' dir='ltr'><strong>de</strong></span> <span class='ocrx_word' id='word_1_95' title='bbox 235 2045 411 2143; x_wconf 76' lang='lat' dir='ltr'><strong>religionis</strong></span> <span class='ocrx_word' id='word_1_96' title='bbox 432 2043 648 2118; x_wconf 81' lang='lat' dir='ltr'><strong>Christianae</strong></span> <span class='ocrx_word' id='word_1_97' title='bbox 668 2047 811 2120; x_wconf 87' lang='lat' dir='ltr'><strong>veritate</strong></span> <span class='ocrx_word' id='word_1_98' title='bbox 833 2075 872 2121; x_wconf 89' lang='lat' dir='ltr'><strong>ac</strong></span> <span class='ocrx_word' id='word_1_99' title='bbox 896 2049 1091 2124; x_wconf 87' lang='lat' dir='ltr'><strong>Divinitate</strong></span> 
     </span>
     <span class='ocr_line' id='line_1_14' title="bbox 11 2155 1090 2274; baseline 0.008 -35"><span class='ocrx_word' id='word_1_100' title='bbox 11 2155 12 2226; x_wconf 65' lang='grc' dir='ltr'><em>ἕ</em></span> <span class='ocrx_word' id='word_1_101' title='bbox 55 2171 184 2246; x_wconf 88' lang='lat' dir='ltr'><strong>firmiter</strong></span> <span class='ocrx_word' id='word_1_102' title='bbox 205 2172 423 2274; x_wconf 85' lang='lat' dir='ltr'><strong>persuadeat.</strong></span> <span class='ocrx_word' id='word_1_103' title='bbox 471 2166 653 2244; x_wconf 84' lang='lat' dir='ltr'><strong>Praeterea</strong></span> <span class='ocrx_word' id='word_1_104' title='bbox 674 2172 779 2272; x_wconf 82' lang='lat' dir='ltr'><strong>hujus</strong></span> <span class='ocrx_word' id='word_1_105' title='bbox 798 2172 1000 2274; x_wconf 85' lang='lat' dir='ltr'><strong>disciplinae</strong></span> <span class='ocrx_word' id='word_1_106' title='bbox 1017 2190 1090 2250; x_wconf 89' lang='lat' dir='ltr'><strong>stu-</strong></span> 
     </span>
     <span class='ocr_line' id='line_1_15' title="bbox 11 2293 1091 2400; baseline 0.008 -33"><span class='ocrx_word' id='word_1_107' title='bbox 11 2307 12 2314; x_wconf 49' lang='lat'>*</span> <span class='ocrx_word' id='word_1_108' title='bbox 58 2293 143 2370; x_wconf 91' lang='lat' dir='ltr'><strong>dium</strong></span> <span class='ocrx_word' id='word_1_109' title='bbox 165 2323 249 2372; x_wconf 87' lang='lat' dir='ltr'><strong>eum</strong></span> <span class='ocrx_word' id='word_1_110' title='bbox 271 2299 368 2400; x_wconf 89' lang='lat' dir='ltr'><strong>quasi</strong></span> <span class='ocrx_word' id='word_1_111' title='bbox 392 2323 499 2370; x_wconf 87' lang='lat' dir='ltr'><strong>manu</strong></span> <span class='ocrx_word' id='word_1_112' title='bbox 522 2294 626 2372; x_wconf 86' lang='lat' dir='ltr'><strong>ducet</strong></span> <span class='ocrx_word' id='word_1_113' title='bbox 650 2297 695 2370; x_wconf 87' lang='lat' dir='ltr'><strong>ad</strong></span> <span class='ocrx_word' id='word_1_114' title='bbox 723 2298 1091 2390; x_wconf 87' lang='lat' dir='ltr'><strong>l1odiernam,.ethu·</strong></span> 
     </span>
     <span class='ocr_line' id='line_1_16' title="bbox 11 2405 1180 2524; baseline 0.013 -36"><span class='ocrx_word' id='word_1_115' title='bbox 11 2405 12 2488; x_wconf 64' lang='lat' dir='ltr'><strong>i</strong></span> <span class='ocrx_word' id='word_1_116' title='bbox 52 2427 101 2524; x_wconf 81' lang='lat' dir='ltr'><strong>jus</strong></span> <span class='ocrx_word' id='word_1_117' title='bbox 110 2420 284 2524; x_wconf 90' lang='lat' dir='ltr'><strong>religionis</strong></span> <span class='ocrx_word' id='word_1_118' title='bbox 305 2424 469 2514; x_wconf 88' lang='lat' dir='ltr'><strong>sormam,</strong></span> <span class='ocrx_word' id='word_1_119' title='bbox 492 2437 526 2496; x_wconf 85' lang='lat' dir='ltr'><strong>et</strong></span> <span class='ocrx_word' id='word_1_120' title='bbox 540 2424 712 2498; x_wconf 86' lang='lat' dir='ltr'><strong>societatis</strong></span> <span class='ocrx_word' id='word_1_121' title='bbox 733 2419 958 2502; x_wconf 77' lang='lat' dir='ltr'><strong>Christianae</strong></span> <span class='ocrx_word' id='word_1_122' title='bbox 969 2425 1092 2502; x_wconf 90' lang='lat' dir='ltr'><strong>condi·</strong></span> <span class='ocrx_word' id='word_1_123' title='bbox 1179 2475 1180 2482; x_wconf 24' lang='grc' dir='ltr'><strong>κ</strong></span> 
     </span>
     <span class='ocr_line' id='line_1_17' title="bbox 11 2546 1089 2654; baseline 0.01 -36"><span class='ocrx_word' id='word_1_124' title='bbox 11 2549 13 2634; x_wconf 81' lang='lat' dir='ltr'><strong>l</strong></span> <span class='ocrx_word' id='word_1_125' title='bbox 55 2549 279 2626; x_wconf 88' lang='lat' dir='ltr'><strong>tionem-bene</strong></span> <span class='ocrx_word' id='word_1_126' title='bbox 300 2561 336 2622; x_wconf 81' lang='lat' dir='ltr'><strong>et</strong></span> <span class='ocrx_word' id='word_1_127' title='bbox 347 2546 571 2654; x_wconf 83' lang='lat' dir='ltr'><strong>judicandam</strong></span> <span class='ocrx_word' id='word_1_128' title='bbox 582 2609 594 2642; x_wconf 79' lang='lat'>,</span> <span class='ocrx_word' id='word_1_129' title='bbox 605 2565 641 2624; x_wconf 89' lang='lat' dir='ltr'><strong>et</strong></span> <span class='ocrx_word' id='word_1_130' title='bbox 660 2551 818 2624; x_wconf 89' lang='lat' dir='ltr'><strong>concioni</strong></span> <span class='ocrx_word' id='word_1_131' title='bbox 835 2552 1089 2654; x_wconf 87' lang='lat' dir='ltr'><strong>explicandam.</strong></span> 
     </span>
     <span class='ocr_line' id='line_1_18' title="bbox 50 2648 1092 2780; baseline 0.008 -34.675"><span class='ocrx_word' id='word_1_132' title='bbox 50 2648 174 2768; x_wconf 43' lang='lat' dir='ltr'><strong>‘Quibus</strong></span> <span class='ocrx_word' id='word_1_133' title='bbox 201 2674 338 2752; x_wconf 87' lang='lat' dir='ltr'><strong>accedit</strong></span> <span class='ocrx_word' id='word_1_134' title='bbox 360 2651 461 2776; x_wconf 75' lang='lat' dir='ltr'><strong>¹quod</strong></span> <span class='ocrx_word' id='word_1_135' title='bbox 493 2675 559 2750; x_wconf 85' lang='lat' dir='ltr'><strong>hae</strong></span> <span class='ocrx_word' id='word_1_136' title='bbox 580 2676 618 2748; x_wconf 94' lang='lat' dir='ltr'><strong>in</strong></span> <span class='ocrx_word' id='word_1_137' title='bbox 642 2674 828 2780; x_wconf 85' lang='lat' dir='ltr'><strong>disciplina</strong></span> <span class='ocrx_word' id='word_1_138' title='bbox 850 2670 1092 2780; x_wconf 81' lang='lat' dir='ltr'><strong>exemplorum</strong></span> 
     </span>
     <span class='ocr_line' id='line_1_19' title="bbox 55 2797 1093 2904; baseline 0.009 -34.593"><span class='ocrx_word' id='word_1_139' title='bbox 55 2797 253 2876; x_wconf 87' lang='lat' dir='ltr'><strong>abundantia</strong></span> <span class='ocrx_word' id='word_1_140' title='bbox 281 2816 572 2890; x_wconf 72' lang='lat' dir='ltr'><strong>commonstretur</strong></span> <span class='ocrx_word' id='word_1_141' title='bbox 581 2841 594 2894; x_wconf 82' lang='lat'><strong>‚·</strong></span> <span class='ocrx_word' id='word_1_142' title='bbox 622 2802 795 2903; x_wconf 89' lang='lat' dir='ltr'><strong>quomodo</strong></span> <span class='ocrx_word' id='word_1_143' title='bbox 833 2805 911 2904; x_wconf 88' lang='lat' dir='ltr'><strong>quis</strong></span> <span class='ocrx_word' id='word_1_144' title='bbox 948 2805 1093 2880; x_wconf 89' lang='lat' dir='ltr'><strong>dicendi</strong></span> 
     </span>
     <span class='ocr_line' id='line_1_20' title="bbox 11 2911 1118 3034; baseline 0.023 -50"><span class='ocrx_word' id='word_1_145' title='bbox 11 2911 13 2984; x_wconf 73' lang='lat' dir='ltr'><strong>i</strong></span> <span class='ocrx_word' id='word_1_146' title='bbox 54 2953 184 3004; x_wconf 71' lang='lat' dir='ltr'><strong>munere</strong></span> <span class='ocrx_word' id='word_1_147' title='bbox 205 2931 303 3032; x_wconf 82' lang='lat' dir='ltr'><strong>fimgi</strong></span> <span class='ocrx_word' id='word_1_148' title='bbox 322 2928 470 3020; x_wconf 84' lang='lat' dir='ltr'><strong>debeat,</strong></span> <span class='ocrx_word' id='word_1_149' title='bbox 495 2941 535 3000; x_wconf 93' lang='lat' dir='ltr'><strong>ut</strong></span> <span class='ocrx_word' id='word_1_150' title='bbox 549 2927 744 3002; x_wconf 81' lang='lat' dir='ltr'><strong>auditarum</strong></span> <span class='ocrx_word' id='word_1_151' title='bbox 759 2928 909 3022; x_wconf 86' lang='lat' dir='ltr'><strong>animos,</strong></span> <span class='ocrx_word' id='word_1_152' title='bbox 925 2929 1092 3034; x_wconf 85' lang='lat' dir='ltr'><strong>adjuvan·</strong></span> <span class='ocrx_word' id='word_1_153' title='bbox 1116 3030 1118 3034; x_wconf 11' lang='grc' dir='ltr'><em>Α</em></span> 
     </span>
     <span class='ocr_line' id='line_1_21' title="bbox 53 3054 1229 3149; baseline 0.01 -25"><span class='ocrx_word' id='word_1_154' title='bbox 53 3065 81 3126; x_wconf 90' lang='lat' dir='ltr'><strong>te</strong></span> <span class='ocrx_word' id='word_1_155' title='bbox 103 3057 193 3148; x_wconf 84' lang='lat' dir='ltr'><strong>Deo,</strong></span> <span class='ocrx_word' id='word_1_156' title='bbox 221 3055 390 3149; x_wconf 86' lang='lat' dir='ltr'><strong>illustret,</strong></span> <span class='ocrx_word' id='word_1_157' title='bbox 412 3054 591 3148; x_wconf 85' lang='lat' dir='ltr'><strong>emendet,</strong></span> <span class='ocrx_word' id='word_1_158' title='bbox 618 3054 737 3130; x_wconf 72' lang='lat' dir='ltr'><strong>s‘olatio</strong></span> <span class='ocrx_word' id='word_1_159' title='bbox 762 3070 798 3128; x_wconf 87' lang='lat' dir='ltr'><strong>et</strong></span> <span class='ocrx_word' id='word_1_160' title='bbox 821 3057 912 3132; x_wconf 87' lang='lat' dir='ltr'><strong>vitae</strong></span> <span class='ocrx_word' id='word_1_161' title='bbox 936 3059 1090 3149; x_wconf 82' lang='lat' dir='ltr'><strong>melioris</strong></span> <span class='ocrx_word' id='word_1_162' title='bbox 1228 3073 1229 3076; x_wconf 75' lang='grc'>’</span> 
     </span>
     <span class='ocr_line' id='line_1_22' title="bbox 54 3167 1183 3280; baseline 0.012 -32"><span class='ocrx_word' id='word_1_163' title='bbox 54 3204 105 3280; x_wconf 90' lang='lat' dir='ltr'><strong>spe</strong></span> <span class='ocrx_word' id='word_1_164' title='bbox 128 3196 272 3257; x_wconf 89' lang='lat' dir='ltr'><strong>recreet.</strong></span> <span class='ocrx_word' id='word_1_165' title='bbox 1182 3167 1183 3170; x_wconf 8' lang='grc' dir='ltr'><strong>Ἴ</strong></span> 
     </span>
    </p>
   </div>
   <div class='ocr_carea' id='block_1_4' title="bbox 11 3339 1145 4224">
    <p class='ocr_par' dir='ltr' id='par_1_4' title="bbox 11 3339 1145 4224">
     <span class='ocr_line' id='line_1_23' title="bbox 501 3339 638 3439; baseline 0.029 -4"><span class='ocrx_word' id='word_1_166' title='bbox 501 3339 547 3435; x_wconf 28' lang='lat' dir='ltr'><strong>§.t</strong></span> <span class='ocrx_word' id='word_1_167' title='bbox 581 3362 638 3439; x_wconf 80' lang='lat'><strong>27·</strong></span> 
     </span>
     <span class='ocr_line' id='line_1_24' title="bbox 95 3475 1093 3594; baseline 0 -28"><span class='ocrx_word' id='word_1_168' title='bbox 95 3475 187 3567; x_wconf 83' lang='lat' dir='ltr'><strong>llaec</strong></span> <span class='ocrx_word' id='word_1_169' title='bbox 219 3515 302 3566; x_wconf 85' lang='lat' dir='ltr'><strong>vero</strong></span> <span class='ocrx_word' id='word_1_170' title='bbox 326 3519 399 3567; x_wconf 89' lang='lat' dir='ltr'><strong>non</strong></span> <span class='ocrx_word' id='word_1_171' title='bbox 426 3491 470 3564; x_wconf 91' lang='lat' dir='ltr'><strong>de</strong></span> <span class='ocrx_word' id='word_1_172' title='bbox 494 3492 748 3594; x_wconf 73' lang='lat' dir='ltr'><strong>qualicunque,</strong></span> <span class='ocrx_word' id='word_1_173' title='bbox 773 3491 836 3564; x_wconf 90' lang='lat' dir='ltr'><strong>sed</strong></span> <span class='ocrx_word' id='word_1_174' title='bbox 856 3491 899 3564; x_wconf 86' lang='lat' dir='ltr'><strong>de</strong></span> <span class='ocrx_word' id='word_1_175' title='bbox 920 3497 1093 3593; x_wconf 80' lang='lat' dir='ltr'><strong>penitiore</strong></span> 
     </span>
     <span class='ocr_line' id='line_1_25' title="bbox 11 3603 1095 3717; baseline 0.006 -31"><span class='ocrx_word' id='word_1_176' title='bbox 11 3603 12 3614; x_wconf 38' lang='lat'>¹</span> <span class='ocrx_word' id='word_1_177' title='bbox 56 3640 87 3688; x_wconf 88' lang='lat' dir='ltr'><strong>ae</strong></span> <span class='ocrx_word' id='word_1_178' title='bbox 113 3617 327 3717; x_wconf 81' lang='lat' dir='ltr'><strong>diligentiore</strong></span> <span class='ocrx_word' id='word_1_179' title='bbox 354 3621 530 3694; x_wconf 83' lang='lat' dir='ltr'><strong>Historiae</strong></span> <span class='ocrx_word' id='word_1_180' title='bbox 563 3619 837 3694; x_wconf 70' lang='lat' dir='ltr'><strong>Ecclesiasticus</strong></span> <span class='ocrx_word' id='word_1_181' title='bbox 856 3619 974 3715; x_wconf 73' lang='lat' dir='ltr'><strong>studio</strong></span> <span class='ocrx_word' id='word_1_182' title='bbox 1005 3626 1095 3696; x_wconf 85' lang='lat' dir='ltr'><strong>acci·</strong></span> 
     </span>
     <span class='ocr_line' id='line_1_26' title="bbox 55 3737 1094 3849; baseline 0.007 -36"><span class='ocrx_word' id='word_1_183' title='bbox 55 3743 173 3838; x_wconf 86' lang='lat' dir='ltr'><strong>pienda</strong></span> <span class='ocrx_word' id='word_1_184' title='bbox 192 3757 293 3818; x_wconf 84' lang='lat' dir='ltr'><strong>sunt:</strong></span> <span class='ocrx_word' id='word_1_185' title='bbox 320 3749 449 3848; x_wconf 84' lang='lat' dir='ltr'><strong>quippe</strong></span> <span class='ocrx_word' id='word_1_186' title='bbox 475 3772 542 3847; x_wconf 92' lang='lat' dir='ltr'><strong>quo</strong></span> <span class='ocrx_word' id='word_1_187' title='bbox 574 3770 646 3849; x_wconf 78' lang='lat' dir='ltr'><strong>nno</strong></span> <span class='ocrx_word' id='word_1_188' title='bbox 668 3737 785 3817; x_wconf 85' lang='lat' dir='ltr'><strong>rerum</strong></span> <span class='ocrx_word' id='word_1_189' title='bbox 818 3758 898 3818; x_wconf 89' lang='lat' dir='ltr'><strong>ante</strong></span> <span class='ocrx_word' id='word_1_190' title='bbox 924 3759 1094 3846; x_wconf 83' lang='lat' dir='ltr'><strong>gestarum</strong></span> 
     </span>
     <span class='ocr_line' id='line_1_27' title="bbox 56 3847 1096 3972; baseline 0.006 -34"><span class='ocrx_word' id='word_1_191' title='bbox 56 3847 209 3968; x_wconf 82' lang='lat' dir='ltr'><strong>imagines</strong></span> <span class='ocrx_word' id='word_1_192' title='bbox 240 3857 353 3946; x_wconf 87' lang='lat' dir='ltr'><strong>clarae</strong></span> <span class='ocrx_word' id='word_1_193' title='bbox 384 3887 421 3946; x_wconf 88' lang='lat' dir='ltr'><strong>et</strong></span> <span class='ocrx_word' id='word_1_194' title='bbox 452 3869 497 3946; x_wconf 89' lang='lat' dir='ltr'><strong>ad</strong></span> <span class='ocrx_word' id='word_1_195' title='bbox 528 3871 633 3944; x_wconf 86' lang='lat' dir='ltr'><strong>vitam</strong></span> <span class='ocrx_word' id='word_1_196' title='bbox 667 3895 864 3972; x_wconf 78' lang='lat' dir='ltr'><strong>expressae.</strong></span> <span class='ocrx_word' id='word_1_197' title='bbox 884 3875 1010 3948; x_wconf 90' lang='lat' dir='ltr'><strong>animis</strong></span> <span class='ocrx_word' id='word_1_198' title='bbox 1039 3899 1096 3945; x_wconf 88' lang='lat' dir='ltr'><strong>re-</strong></span> 
     </span>
     <span class='ocr_line' id='line_1_28' title="bbox 56 3997 1096 4100; baseline 0.005 -36"><span class='ocrx_word' id='word_1_199' title='bbox 56 4009 327 4090; x_wconf 87' lang='lat' dir='ltr'><strong>praesentantur;</strong></span> <span class='ocrx_word' id='word_1_200' title='bbox 357 4023 478 4071; x_wconf 87' lang='lat' dir='ltr'><strong>causae</strong></span> <span class='ocrx_word' id='word_1_201' title='bbox 501 4011 603 4100; x_wconf 87' lang='lat' dir='ltr'><strong>atque</strong></span> <span class='ocrx_word' id='word_1_202' title='bbox 624 4009 765 4072; x_wconf 84' lang='lat' dir='ltr'><strong>eventus</strong></span> <span class='ocrx_word' id='word_1_203' title='bbox 787 4022 905 4077; x_wconf 88' lang='lat' dir='ltr'><strong>earum</strong></span> <span class='ocrx_word' id='word_1_204' title='bbox 924 4017 964 4094; x_wconf 84' lang='lat' dir='ltr'><strong>ex</strong></span> <span class='ocrx_word' id='word_1_205' title='bbox 985 3997 1096 4098; x_wconf 86' lang='lat' dir='ltr'><strong>caligi-</strong></span> 
     </span>
     <span class='ocr_line' id='line_1_29' title="bbox 56 4123 1145 4224; baseline 0 -28"><span class='ocrx_word' id='word_1_206' title='bbox 56 4142 95 4190; x_wconf 82' lang='lat' dir='ltr'><strong>ne</strong></span> <span class='ocrx_word' id='word_1_207' title='bbox 115 4139 280 4218; x_wconf 77' lang='lat' dir='ltr'><strong>eruuntur</strong></span> <span class='ocrx_word' id='word_1_208' title='bbox 302 4137 337 4198; x_wconf 88' lang='lat' dir='ltr'><strong>et</strong></span> <span class='ocrx_word' id='word_1_209' title='bbox 354 4126 391 4198; x_wconf 88' lang='lat' dir='ltr'><strong>in</strong></span> <span class='ocrx_word' id='word_1_210' title='bbox 408 4125 523 4202; x_wconf 87' lang='lat' dir='ltr'><strong>lucem</strong></span> <span class='ocrx_word' id='word_1_211' title='bbox 542 4123 728 4224; x_wconf 53' lang='lat' dir='ltr'><strong>edunturg</strong></span> <span class='ocrx_word' id='word_1_212' title='bbox 743 4139 778 4200; x_wconf 82' lang='lat' dir='ltr'><strong>et</strong></span> <span class='ocrx_word' id='word_1_213' title='bbox 796 4123 925 4221; x_wconf 89' lang='lat' dir='ltr'><strong>singula</strong></span> <span class='ocrx_word' id='word_1_214' title='bbox 939 4138 1017 4205; x_wconf 74' lang='lat' dir='ltr'><strong>tam</strong></span> <span class='ocrx_word' id='word_1_215' title='bbox 1039 4125 1096 4196; x_wconf 87' lang='lat' dir='ltr'><strong>fir·</strong></span> <span class='ocrx_word' id='word_1_216' title='bbox 1142 4166 1145 4172; x_wconf 95' lang='lat'>·</span> 
     </span>
    </p>
   </div>
   <div class='ocr_carea' id='block_1_5' title="bbox 592 4251 1097 4341">
    <p class='ocr_par' dir='ltr' id='par_1_5' title="bbox 592 4251 1097 4341">
     <span class='ocr_line' id='line_1_30' title="bbox 592 4251 1097 4341; baseline 0.002 -18"><span class='ocrx_word' id='word_1_217' title='bbox 592 4252 626 4341; x_wconf 87' lang='lat' dir='ltr'>Q</span> <span class='ocrx_word' id='word_1_218' title='bbox 676 4266 680 4273; x_wconf 76' lang='grc'><em>“</em></span> <span class='ocrx_word' id='word_1_219' title='bbox 1034 4251 1097 4324; x_wconf 83' lang='lat' dir='ltr'><strong>mi·</strong></span> 
     </span>
    </p>
   </div>
   <div class='ocr_carea' id='block_1_6' title="bbox 0 0 1368 5022">
    <p class='ocr_par' dir='ltr' id='par_1_6' title="bbox 0 0 1368 5022">
     <span class='ocr_line' id='line_1_31' title="bbox 0 0 1368 5022; baseline 0 0"><span class='ocrx_word' id='word_1_220' title='bbox 0 0 1368 5022; x_wconf 95' lang='lat' dir='ltr'><strong> </strong></span> 
     </span>
    </p>
   </div>
  </div>
 </body>
</html>
