2726 5022
182 392 230 472 Po
252 397 305 470 11.
324 392 441 470 .C..V.
489 395 545 468 De
571 375 669 467 Orat.
694 395 1023 474 mercenorum*
1062 407 1154 510 2⁴05„

10 564 14 668 l
88 599 129 698 gis
150 595 194 669 ad
216 591 396 691 negotium
421 563 508 663 illud
523 560 717 668 ‚inslruelos
741 605 778 664 et
811 595 1017 670 exercitatos
1052 589 1145 680 luis„

11 706 14 753 l
84 748 115 796 so
134 733 288 812 constan
306 742 412 821 quam
435 714 538 815 vulgo
559 715 718 793 homines
737 731 820 793 sunt
848 721 1059 804 recentioris,
1078 751 1144 808 ao·,

11 885 12 900 ψ
86 845 329 944 sustris
1125 825 1128 834 ’

10 1047 11 1054 1
253 1025 257 1032 ·
399 973 401 978 Ι
532 1000 562 1099 §.
618 983 674 1075 rb.¹

8 1196 12 1237 t
124 1182 169 1254 Et
189 1179 275 1252 baec
303 1177 378 1276 ipsa
401 1167 506 1250 babet
538 1173 679 1250 dicendi
703 1175 812 1268 ratio,
838 1147 925 1279 puae
960 1177 993 1248 ei
1017 1173 1138 1254 minus'

88 1297 221 1378 faveant.
272 1303 382 1396 Nam,
406 1305 458 1376 uti
483 1307 519 1378 in
544 1303 642 1377 nulla
672 1302 738 1376 a'lia
768 1305 940 1403 oratione,
965 1331 1068 1402 quam
1094 1303 1140 1378 in⁴

89 1425 257 1532 diligenter
282 1429 429 1529 scripta,
459 1451 580 1503 omnes
614 1429 709 1521 illae,
734 1457 819 1532 quas
849 1417 922 1529 ej'us
951 1431 1112 1500 materiae
1121 1408 1138 1518 ,ι
1255 1523 1257 1530 Α

88 1560 229 1649 formae,
254 1555 414 1657 partibus
440 1570 476 1629 et
500 1555 647 1631 dictioni
673 1557 937 1647 constituimus,
955 1537 1139 1630 observari

87 1699 219 1788 possunt
238 1682 396 1782 regulae3
423 1682 491 1776 ita,
516 1685 671 1786 quisquis
691 1711 747 1758 res
768 1699 905 1759 tantum
928 1680 1133 1788 praecipuas

88 1813 257 1901 orationiS,
284 1812 355 1884 sive
375 1809 535 1910 seriptis,
557 1836 617 1884 seu
635 1840 707 1885 uon
729 1813 867 1914 scriptis
891 1807 1132 1902 lineamentis,

88 1938 282 2030 meditatur,
311 1953 475 2040 tanquam
494 1939 628 2013 incerto
648 1967 685 2012 se
707 1936 819 2013 credit
837 1941 940 2028 mari,
966 1937 1028 2011 ubi
1045 1938 1136 2012 mulss

7 2074 12 2091 ¹
89 2077 154 2156 tos,
178 2079 215 2140 et
237 2085 317 2138 suae
343 2059 454 2137 famae
481 2068 648 2163 jacturam
682 2068 817 2158 facere,
845 2081 880 2140 et
903 2091 1002 2166 spem
1035 2057 1138 2138 audi-²

88 2206 189 2266 torum
218 2190 358 2282 fallere,
382 2193 464 2264 satis
497 2218 670 2293 superque
706 2193 811 2265 docet
844 2206 1005 2266 eventus:
1039 2176 1134 2293 quoti

92 2319 169 2390 enim
184 2319 383 2419 paucissimi
402 2319 530 2390 mentis
551 2318 744 2418 praeclarae
769 2319 835 2394 viri
853 2317 1078 2418 probabiliter
1098 2335 1135 2392 et

88 2441 137 2518 vix
164 2448 308 2520 omnino
344 2443 434 2518 bene
464 2471 528 2546 pro
545 2437 720 2518 concione
745 2434 863 2519 Sacra¹
886 2435 1132 2546 perfecerurit,

9 2542 11 2602 l
87 2570 177 2672 longe
201 2587 341 2674 superat
361 2573 521 2646 homines
541 2569 727 2645 mediocris
746 2567 803 2646 vel
822 2573 926 2644 etiam
944 2576 1057 2674 exigui
1079 2569 1133 2648 inss

86 2702 291 2802 genii'atqoe
321 2699 519 2792 doctrinae,
546 2699 664 2802 quales
690 2693 880 2799 plurimos,
908 2701 961 2771 uti
985 2702 1021 2772 in
1055 2701 1131 2774 aliis

7 2847 12 2921 ζ
85 2829 224 2902 civitatis
247 2829 468 2918 muneribus,
494 2831 544 2902 sie
571 2829 610 2902 in
636 2827 823 2899 Oratorum
849 2847 987 2926 quoque
1012 2828 1131 2900 Sacro-

7 2936 11 2977 ²
84 2981 153 3028 rum
170 2953 295 3029 ordine
314 2979 388 3028 esse
406 2957 581 3030 norimus.
619 2949 769 3028 Accedit
786 2975 866 3042 eos,
894 2954 953 3054 qui
974 2953 1058 3028 hinc
1076 2953 1132 3029 in·

7 3090 12 3119 '
84 3083 224 3182 cipiabt‚
249 3080 294 3154 ad
313 3081 425 3152 levem
445 3077 547 3154 illum
566 3107 607 3154 ex
628 3096 786 3182 tempore
811 3077 953 3152 dicendi
975 3107 1131 3174 morem,

84 3213 136 3309 qui
157 3210 371 3283 circulatoris
398 3205 630 3306 impudentis,
656 3235 731 3282 non
762 3207 929 3281 oratoris·
945 3203 1038 3280 Sacri
1058 3223 1133 3300 est,
1158 3261 1163 3266 -

84 3335 318 3442 recipiendum
342 3335 567 3438 procliviores
593 3360 667 3408 esse
690 3333 772 3434 (*)

531 3512 561 3607 ξ.
617 3535 671 3608 ¹9·

128 3669 236 3742 Multo
262 3668 386 3738 melius
403 3667 542 3737 fortasse
567 3689 664 3762 agere
679 3666 867 3762 putabunt,
887 3671 948 3766 qui
969 3673 1132 3744 orationis

1074 3823 1135 3868 an·

120 3989 171 4060 ll)
188 3989 433 4055 Tzsearartn,
455 4007 481 4061 p.
500 3990 566 4054 alp,
586 3991 649 4040 afim

121 4079 349 4150 (¹)1thm,
377 4077 404 4130 in
435 4073 529 4142 libre,
555 4073 599 4128 cui
631 4071 750 4128 titulus:
783 4077 981 4150 Gottingisclaeos
1006 4081 1133 4136 Muscam

92 4161 136 4220 der
154 4167 300 4240 leeologie
311 4167 367 4224 und
389 4167 539 4221 Literatur.
569 4167 649 4221 Torn.
662 4165 685 4220 l.
704 4175 775 4239 part.
793 4183 826 4238 r.¹
840 4183 867 4239 p.
884 4171 930 4218 150
951 4185 1011 4242 sqq.
