2752 5022
135 404 182 482 1³.
197 405 254 482 ΙΙ.
281 405 319 478 C.
339 403 406 482 IV.
454 405 511 480 De
535 403 632 477 Orat.
658 403 788 478 Sacrae
812 400 975 479 dictione.
1028 403 1099 504 175

505 601 536 698 s.
586 601 644 674 ιι.

8 799 9 806 ·
90 763 170 835 Jam
196 781 282 833 rem
301 755 410 850 dictio
439 755 596 830 Oratoria
624 753 727 828 nohis
749 757 875 853 pheres
897 754 1026 829 habere
1050 757 1099 834 vi·

51 887 145 961 detur
165 901 309 984 portes,
341 899 382 956 ut
410 898 447 957 et
481 883 527 956 ad
558 885 666 958 vitam
699 908 861 982 expressa
895 886 959 973 sit,
987 899 1023 956 et
1045 883 1106 968 lu-

53 1014 204 1094 minibus
226 1005 412 1104 distineta,
447 1026 483 1084 et
515 1012 670 1084 numeris
694 1009 851 1107 alligata,
888 1013 1104 1112 etpeotorie

8 1121 10 1206 i
53 1143 159 1243 plena.
191 1142 309 1232 ,Quae
335 1138 472 1240 singula
494 1165 589 1216 nunc
614 1137 694 1211 data
715 1163 820 1238 opera
843 1161 1026 1212 recensere
1044 1142 1104 1237 ju·⁴

55 1267 151 1346 rabit.

8 1371 10 1380 '
190 1383 192 1392 ’
503 1365 533 1464 §
585 1364 643 1442 33.

8 1571 9 1600 ι
97 1527 260 1598 Dictione
281 1523 333 1594 ad
361 1537 469 1614 ortam
490 1547 663 1618 expresso
686 1523 789 1596 nobis
817 1549 897 1596 eam
923 1524 1105 1616 volumus,

56 1652 105 1724 eui
123 1649 367 1729 collocutionis
391 1649 569 1724 familiaris
590 1653 733 1740 forma,
751 1665 924 1752 quatenus
949 1676 1031 1724 oum
1051 1650 1108 1724 di.

8 1765 10 1786 ’
58 1775 154 1852 cendi
180 1779 413 1877 perpetuitate
447 1791 601 1868 constat,
630 1777 752 1852 induta
776 1781 850 1867 est',
878 1791 913 1849 et
947 1777 996 1852 ita
1030 1779 1108 1878 qui·

8 1887 10 1962 i
58 1903 155 1996 dem,
181 1918 222 1978 ut
250 1929 390 1978 omnem
417 1908 615 1980 animorum
644 1906 872 1979 attentionem
894 1904 961 1978 sibi
994 1905 1111 1978 conci·

8 2081 9 2132 1
58 2031 117 2106 tia
146 2031 244 2132 (ξ).
294 2033 371 2105 Hac
402 2045 518 2104 autem
542 2025 669 2104 virtute
699 2033 854 2106 Oratoris
877 2033 974 2106 Sacri
1002 2031 1110 2106 dictio

8 2249 10 2264 ξ
60 2163 165 2252 nitet,
189 2163 221 2234 si
242 2165 319 2263 ejus
346 2164 455 2234 oratio
471 2157 562 2234 ad
551 2181 645 2260 ipsos
669 2139 841 2233 auditores
867 2160 1110 2252 convertitur,

8 2281 10 2412 ξ
60 2287 271 2362 ratiocinatio
305 2286 351 2358 ad
390 2289 480 2362 vitae
515 2285 709 2386 communis
745 2311 848 2357 usum
891 2285 1108 2377 instituitur,

8 2425 12 2576 ξ
61 2414 150 2516 quod
188 2442 208 2488 a
244 2413 400 2487 sensibus
440 2427 613 2486 remotum
648 2425 700 2484 est
735 2410 840 2484 modo
884 2411 1113 2513 adspectabili

8 2541 284 2642 proponitur,
310 2555 345 2614 et
375 2543 518 2616 varietas
546 2543 585 2613 in
611 2539 725 2614 verbis
754 2537 1006 2651 sententiisque
1039 2564 1113 2612 cer·

8 2615 10 2732 i
64 2669 163 2745 nitur.

514 2765 546 2864 s.
595 2767 653 2858 a.

107 2915 307 2997 Orotionem
341 2919 447 2995 habet
474 2921 526 2994 nd
549 2925 644 3018 arsos
676 2922 855 2995 auditores
882 2943 1110 3016 conversam,

8 3057 10 3176 ξ
64 3051 119 3150 qui
149 3077 224 3124 non
255 3064 415 3141 tantum,
451 3052 543 3152 scrip
547 3065 661 3123 torum
694 3051 820 3141 instar,
845 3047 885 3122 id
916 3065 1040 3147 curat,
1074 3065 1116 3124 ut

8 3183 10 3332 ξ
63 3192 213 3251 mentem
235 3206 334 3252 suam
357 3176 526 3276 explicet,
552 3179 662 3250 multo
686 3176 804 3250 minus
831 3177 898 3254 sihi
920 3179 986 3252 soli
1004 3150 1116 3280 ioqui·

8 3311 139 3412 ξ;ῐιι
165 3303 226 3378 sed
260 3302 477 3376 auditoribus
505 3305 648 3393 inservit
663 3305 844 3406 ,cogitata
871 3327 993 3380 eorum
1022 3307 1117 3378 exci-

8 3417 136 3528 ipit,
168 3459 229 3505 sua
257 3432 298 3504 iis
324 3431 478 3506 vicissim
503 3431 651 3530 regerit,
686 3446 722 3505 et
748 3445 913 3536 tanquam
939 3433 1116 3508 actionem

8 3579 9 3622 ῑ
68 3557 215 3653 inducit,
242 3564 342 3658 cujus
362 3557 411 3630 illi
436 3559 622 3660 participes
644 3558 858 3634 reddantur:
885 3559 980 3662 quod
1002 3543 1117 3663 quan-

8 3627 12 3778 i
70 3695 180 3784 tepere
202 3711 303 3759 aures
329 3683 456 3758 alliciat
481 3687 684 3785 animosque
712 3699 852 3779 teneat,
876 3715 1020 3790 prorsus
1042 3686 1116 3760 dici

8 3781 10 3904 ξ
69 3816 183 3912 nequit
208 3811 290 3912 Γ).

8 4001 10 4056 t

858 4039 860 4044 ‚
948 3885 1117 4038 eae.

8 4087 10 4200 i
103 4135 155 4207 (†)
180 4134 239 4191 tc·
266 4135 335 4212 Cap.
348 4135 370 4190 1.
390 4136 413 4208 ς.
430 4138 471 4194 ι5.

8 4249 9 4280 t
104 4225 155 4295 (Ἴ
183 4221 361 4295 (ΛΜΗ,
390 4230 561 4300 p·26tr³qq·
592 4247 790 4300 rrrmnn,
819 4231 919 4305 P·'²⁶9
942 4247 1002 4305 sqq.
1034 4246 1116 4283 ιιι-

686 4339 688 4346 ·
1060 4333 1120 4374 ιι-
