2774 5022
278 337 353 418 tao
400 341 449 416 r.
470 319 527 413 n.
553 339 595 414 o.
619 323 700 415 ru.
750 341 808 414 ne
832 337 933 414 uma.
959 325 1092 416 rme·
1108 321 1293 440 padus.

742 539 773 641 ξ.
828 563 885 614 ιο.
937 577 939 582 ·

324 695 423 792 Quid
445 694 573 800 plura?
619 689 926 792 Quemadmodum
951 687 1100 768 aedibus
1129 719 1171 772 ao
1199 698 1344 802 templis

276 823 448 906 restituta
471 835 508 897 et
533 817 671 918 aditus,
701 823 759 897 sic·
781 817 998 896 orationibus
1025 821 1139 898 Sacris
1165 827 1343 928 principia

275 954 499 1058 praeponere
522 964 662 1057 oportet
697 945 803 1049 (†).
837 959 939 1053 atque
968 949 1036 1024 hoo
1059 963 1199 1027 tantum
1226 950 1350 1050 ualet,

275 1091 336 1173 ut,
361 1077 521 1182 quisine
545 1077 689 1153 exordio
707 1077 826 1153 dicere
844 1075 1065 1178 aggreditur,
1088 1077 1342 1188 negligentiae,

274 1207 543 1285 inhumanitatis
571 1202 632 1282 vel
661 1208 811 1308 stuporis
844 1204 914 1281 sibi
945 1203 1058 1308 pariat
1084 1207 1345 1309 suspicionem,-

275 1361 346 1438 qua
375 1331 541 1408 orationis
567 1337 619 1410 vis
646 1347 683 1408 et
705 1326 890 1409 effioacitas
913 1335 952 1410 in
977 1335 1113 1409 animos
1145 1333 1345 1414 auditomm

276 1461 507 1541 vehementer
529 1456 784 1537 labefactantur
809 1459 826 1561 (
856 1461 885 1564 ).

743 1617 775 1718 ξ.
831 1645 886 1694 11.

316 1768 669 1850 ¹Praestantissimum
699 1775 823 1850 ceteris
851 1767 995 1878 paribnu
1018 1747 1269 1854 videturesse
1290 1805 1344 1857 ex·

278 1877 439 1995 ordinm,
464 1907 567 2009 cujus
593 1915 840 2003 argumentum
864 1895 1346 2011 ex·rebuspetit11r,'quoe

278 2029 502 2106 traditoribus
529 2046 706 2133 tanquam
734 2033 981 2130 odoumjectae
1006 2046 1116 2124 sunt,
1152 2019 1348 2140 eorumque

279 2163 409 2234 animis
434 2161 596 2234 maxime
622 2155 876 2234 obversantur:
897 2161 947 2233 ita
973 2173 1015 2234 ut
1038 2173 1156 2235 orator
1177 2185 1274 2239 nunc
1290 2167 1347 2240 in·

278 2288 386 2389 cipiat
415 2313 435 2361 a
471 2281 779 2361 commemoranda
814 2285 912 2360 felici
940 2281 999 2362 vel
1038 2279 1177 2363 infelici
1211 2287 1347 2366 dierum

279 2394 423 2491 suorum
458 2415 686 2508 conditione;
724 2439 828 2494 nuno¹
850 2410 895 2488 ab
919 2415 1052 2513 insigni
1079 2410 1233 2516 quodam
1261 2421 1349 2520 anti·

278 2537 412 2648 quioris
431 2535 723 2620 'vel'recentioris
748 2541 869 2616 aetatis
892 2555 1041 2636 eventu,
1072 2543 1103 2617 si
1124 2537 1348 2642 laetiorest,

276 2671 538 2779 praedicando,
564 2662 594 2744 ¹si
617 2671 775 2786 tristior,
800 2666 1045 2772 deplorando;
1068 2694 1168 2745 nunc
1188 2695 1209 2744 a
1228 2667 1346 2747 dicen·

278 2799 325 2874 do
347 2799 392 2873 de
411 2801 495 2874 anni
514 2797 601 2872 hora
614 2797 677 2874 rel
701 2797 791 2873 coeli
819 2811 1048 2901 tempestate,
1073 2793 1134 2873 rel
1164 2798 1210 2872 de
1232 2797 1347 2900 ¹solen-

281 2927 405 3018 nibus,
432 2917 583 3030 quorum
606 2923 821 3019 celebratio,
846 2921 1063 3028 reipublicae
1087 2937 1151 2999 aut
1173 2909 1346 3002 societatis

283 3053 503 3129 Christianae
535 3079 656 3147 causa,
690 3052 908 3128 instituenda
931 3053 997 3148 sit3
1019 3079 1119 3129 nuno
1155 3077 1276 3130 rursus
1306 3045 1347 3126 ab

281 3180 327 3258 iis
335 3239 348 3277 ‚
374 3207 461 3285 quae
485 3207 639 3283 nupera
663 3207 700 3256 se
716 3176 836 3261 aliisve
855 3183 895 3254 in
913 3179 1071 3256 medium
1089 3179 1228 3288 prolata
1244 3197 1346 3273 sunt,

280 3307 344 3387 'vel
368 3336 457 3412 quae
485 3311 555 3414 ipsi
579 3309 685 3383 modo
713 3323 898 3384 cantarunt
923 3309 1124 3404 auditores,
1163 3331 1287 3385 eorum
1311 3311 1347 3384 in

282 3440 492 3515 memoriam
516 3437 726 3515 revocandis
750 3441 829 3538 (ἓ).

1223 3696 1256 3782 ἕ.
1296 3718 1349 3772 12.

318 3891 376 3976 (†)
395 3887 525 3949 Crexa.
547 3893 585 3950 o'o
603 3895 685 3951 Orat.
703 3889 766 3950 Lib.
786 3891 825 3949 Ii.
843 3905 904 3968 capt
921 3912 965 3966 79.
998 3939 1001 3944 .

323 3979 382 4052 (²¹)
401 3979 489 4052 Quod
509 4000 570 4038 non
593 3995 710 4059 prorsus
730 3978 803 4057 fugit
819 3995 1016 4052 narratura,
1032 3977 1052 4038 l.
1069 3999 1092 4039 a

318 4068 379 4144 (S)
396 4069 464 4128 vn
489 4073 715 4137 rn‘rrmr,
735 4089 764 4146 p.
787 4089 844 4146 ¹¹9·
869 4087 1014 4142 sonora,
1040 4067 1117 4149 prro
1134 4084 1198 4149 sqq.
1223 4081 1254 4131 et
1278 4086 1352 4150 quae

283 4160 445 4221 monuimus
463 4177 526 4237 cap.
543 4165 563 4222 1.
585 4163 609 4234 ς.
629 4162 661 4218 ³2
681 4177 742 4235 sqq.
1083 4143 1089 4160 ’
