2774 5022
248 273 332 441 '94'
399 332 447 412 r.
461 329 512 410 rr.
539 331 580 419 c.
598 328 627 408 1.
674 331 734 406 oe
758 293 857 408 aas.
882 332 1025 409 sacrae
1041 333 1201 424 maora.

723 527 760 626 §-
810 520 875 604 50·
967 563 970 572 ¹

316 683 388 760 Sed
418 707 465 760 ne
495 682 574 786 quis
606 692 708 784 putet
737 705 916 756 sacrorum
946 684 1116 776 antistes,
1148 688 1327 764 orationes
1373 749 1381 766 .

265 839 364 906 suas,
390 811 466 886 sive
492 809 633 886 vinculo
661 806 813 911 quodam
838 808 933 884 inter
961 835 998 882 se
1028 835 1204 888 connexae
1227 817 1325 910 sint,

266 968 329 1018 seu
350 967 422 1013 non
443 939 539 1030 sint,
564 938 696 1040 pariter
719 935 880 1008 concioni
903 937 1178 1022 accommodatas
1201 941 1327 1018 haberi

256 1043 389 1174 ’posse3
413 1060 761 1140 animadvertendum
786 1063 932 1165 insuper
956 1077 1034 1158 est,
1060 1079 1230 1167 oratorem
1254 1069 1327 1144 oili·

265 1197 313 1272 cii
329 1196 382 1269 sui
405 1201 521 1296 partes
544 1215 616 1262 non
635 1186 795 1292 explere,
820 1185 888 1266 nisi
907 1189 1016 1264 talem
1035 1191 1104 1266 sibi
1123 1198 1327 1292 materiam,

266 1321 383 1428 quoad
412 1319 491 1396 fieri
513 1329 651 1420 potest,
676 1340 864 1418 quaerere,
889 1341 1034 1420 eamque
1056 1318 1152 1396 huuc
1175 1323 1214 1395 in
1232 1324 1330 1398 ordi·

265 1476 351 1526 nem
380 1447 569 1550 disponere
600 1443 799 1536 annitatur,
844 1458 886 1516 ut
913 1443 1085 1520 auditores
1116 1450 1328 1528 continuato

265 1577 373 1676 quasi
403 1599 473 1672 per
504 1571 640 1674 gradus
668 1571 863 1674 progressu
898 1569 1097 1669 doctiores,
1136 1573 1327 1669 meliores,

266 1701 437 1778 beatiores
459 1698 664 1776 reddantur.

727 1852 773 1951 §a
808 1851 868 1930 51.

273 2037 275 2042 '
317 2031 355 2105 Si
385 2043 501 2105 autem
523 2033 651 2107 Orator
673 2027 779 2106 Sacer
803 2025 921 2130 (quod
940 2021 1036 2103 haud
1056 2051 1134 2104 raro
1165 2033 1228 2135 fit)
1252 2061 1332 2111 ma·

269 2159 395 2234 teriam
427 2158 588 2236 invenire
615 2153 756 2256 nequit,
790 2151 1009 2231 auditoribus
1033 2159 1104 2230 suis
1134 2185 1331 2237 accommo-

256 2285 409 2380 ''datam3
433 2281 576 2360 libertas
600 2279 667 2356 sibi
687 2277 868 2373 sumendi,
894 2281 994 2383 quod·
1015 2283 1060 2360 ab
1093 2311 1213 2362 corum
1233 2315 1332 2366 com*
1368 2303 1376 2322 ⁸

265 2411 383 2487 modis
406 2423 442 2483 et
465 2409 645 2484 desideriis
668 2405 868 2500 abhorreat,
893 2407 925 2482 ei
949 2407 1185 2486 nullomodo
1219 2413 1333 2514 data,
1380 2427 1381 2434 ’

253 2537 332 2612 sed
359 2537 521 2611 doctrina
542 2533 711 2638 quaedam
743 2531 936 2633 generalis,
968 2537 1135 2640 omnique
1160 2540 1333 2621 concioni

257 2665 485 2740 ”Christianae
502 2663 597 2738 utilis
615 2661 660 2736 ab
683 2687 725 2736 eo
741 2661 921 2736 tractanda
943 2675 1017 2756 est,
1038 2679 1074 2738 et
1092 2667 1141 2742 ita
1157 2668 1331 2771 quidem,

264 2807 308 2867 ut
319 2794 463 2894 potioris
481 2789 679 2866 auditorum
697 2792 806 2892 partis
824 2791 975 2864 maxime
989 2792 1162 2866 rationem
1178 2793 1327 2893 habeat,

269 2920 397 2995 horum
418 2923 599 2996 neminem
629 2942 712 2994 vcro
735 2942 878 3018 prorsus
898 2915 1050 3018 negligat
1073 2920 1122 3020 (†
1135 2919 1164 3018 ).

1182 3124 1225 3234 Ιἓ.
1264 3119 1328 3200 52.

309 3312 373 3386 (τ)
402 3309 448 3367 De
473 3311 651 3370 orationihus
677 3309 805 3368 concioni
829 3310 1072 3370 accommodandis
1102 3323 1222 3388 egerunt
1255 3333 1330 3375 urs·

272 3401 451 3476 uursrsl.
468 3420 490 3460 c.
507 3421 535 3479 p.
556 3407 590 3462 36
612 3420 671 3478 sqq.
694 3421 899 3472 naasson,
918 3421 947 3480 p,
973 3423 1020 3474 17²
1041 3423 1103 3480 sqq.
1127 3423 1325 3477 runnu,

272 3495 416 3570 Infidsqq.
435 3512 643 3565 ausaausa,
661 3511 688 3568 p.
704 3497 825 3570 rqosqq.
842 3477 1001 3565 narrar,
1020 3515 1050 3572 p.
1064 3501 1097 3565 84
1110 3514 1171 3572 sqq.
1185 3517 1328 3578 scuqrr,

272 3601 303 3658 p.
322 3588 372 3639 205
392 3602 451 3660 sqq.
473 3583 587 3660 aliique.
618 3583 663 3641 Cf.
680 3592 710 3641 ct
727 3600 907 3640 ruossano
923 3619 932 3654 ,
959 3584 1156 3642 observatiam
1175 3605 1225 3644 sur
1244 3581 1328 3645 t'slos

273 3689 376 3748 queres
396 3673 433 3729 du
458 3674 571 3745 chaire,
605 3693 676 3750 quae
702 3671 853 3749 disputatio
874 3673 1027 3747 praemissa
1047 3685 1090 3733 est
1105 3675 1179 3733 libro
1201 3695 1329 3742 sermons

272 3761 309 3818 de
326 3779 418 3816 nucu
441 3779 518 3820 suar
530 3783 554 3820 a.
577 3763 657 3821 Tom.
676 3766 699 3822 I.
717 3784 746 3840 p.
767 3760 901 3832 XXVII,
919 3782 961 3838 sq.
984 3764 1079 3823 XXX.
1105 3763 1173 3824 alibi
1190 3765 1238 3824 ed.
1257 3787 1328 3828 nov.

273 3853 367 3924 Quam
388 3847 500 3905 difficile
518 3861 613 3908 autern
640 3853 696 3928 sit,
722 3870 809 3908 unam
838 3853 1015 3928 eandemque
1040 3853 1195 3912 orationem
1212 3856 1327 3912 Sacram

272 3938 436 3998 hominihus
455 3939 558 4000 diversi
576 3943 686 4020 generis
708 3941 870 4015 ordinisque
893 3943 1122 4016 accommodare,
1142 3945 1238 4002 docuit
1254 3967 1299 4005 vs
1310 3965 1327 4000 r

272 4047 421 4099 roorsr,
440 4031 641 4110 Lecrredeneny
655 4032 695 4110 bij
716 4031 876 4110 bq‘rondere
885 4031 1086 4109 geleqcnlrcden
1104 4051 1139 4093 eu
1162 4037 1255 4112 corrige
1270 4053 1326 4091 ernd

243 4204 247 4214 ι
272 4118 347 4176 dere.
375 4118 466 4174 Praes.
484 4137 511 4193 p.
531 4139 549 4178 v
573 4138 632 4194 sqq.
