2790 5018
276 393 347 466 288
402 390 452 461 P.
471 387 542 460 ΙΙΙ.
575 386 615 459 S.
627 387 681 459 11.
708 386 748 460 C.
763 391 793 460 1.
833 387 901 459 .Dc
918 389 1240 496 'Praeparationcr

274 587 459 660 Praeterea
481 604 563 652 vero
588 579 743 672 curabit,
771 596 811 656 ut
832 595 904 656 tota
927 581 996 656 sibi
1025 585 1167 660 omnino
1180 598 1316 664 constet

275 726 311 784 et
332 708 512 808 conspiret
536 709 667 798 oratio,
686 721 790 808 atquc
817 709 934 783 omnia
959 726 1046 811 opus
1070 709 1313 812 ostendanteb'

274 837 399 912 eodem
416 847 555 908 auctore
575 834 771 934 profectum
795 833 884 938 (†)

608 1051 612 1062 .
734 996 764 1094 ς,
816 1021 877 1070 22.

322 1165 420 1258 Quae
444 1158 595 1234 sumita
618 1156 709 1248 sint,
736 1157 900 1232 Oratores
927 1159 1068 1250 Sacros,
1097 1175 1213 1262 spreto
1240 1189 1318 1238 non·

273 1291 447 1364 nullorum
471 1285 638 1375 consilio,
666 1297 706 1356 ut
726 1284 868 1384 singulis
895 1289 1058 1360 orationis
1083 1291 1243 1389 partibus
1263 1290 1317 1363 ab·

269 1417 396 1491 solutis
422 1413 633 1488 intermissio
659 1412 832 1512 capiatur,
866 1413 970 1484 etiam
996 1427 1101 1516 atque
1130 1417 1231 1488 etiam
1261 1417 1317 1489 ad·

274 1543 456 1614 hortamur
483 1537 528 1610 ad
558 1539 694 1638 negotia
718 1539 882 1638 quaevis,
909 1539 1036 1640 quibus
1062 1545 1226 1618 continua
1253 1567 1319 1616 ora·

267 1670 378 1742 tionis
407 1664 592 1738 elaboratio
616 1655 852 1766 impediatur,
889 1665 945 1742 vel
976 1667 1203 1770 occupanda,
1233 1681 1317 1742 ante·

270 1821 379 1897 quam
400 1817 491 1893 opus
510 1791 602 1865 illud
622 1791 811 1881 inchoent,
837 1791 910 1883 vel,
934 1795 964 1866 si
986 1796 1062 1868 fieri
1083 1809 1213 1898 potest,
1236 1821 1318 1870 amo·

264 1920 389 1996 lienda
415 1931 451 1992 et
477 1916 693 2010 differenda,
724 1943 835 2018 usque
864 1918 949 1992 dum
978 1947 1046 2022 pro
1083 1925 1248 1998 concione
1274 1922 1319 1996 di.

266 2050 395 2122 serint.

728 2181 761 2278 §7
812 2175 872 2250 23.

321 2333 441 2407 Tertia
473 2337 582 2408 virtus
606 2330 644 2404 in
681 2327 929 2404 elaborationis
956 2329 1120 2405 libertate
1149 2335 1319 2408 cernitur:

271 2455 380 2532 libera
413 2475 530 2534 autem
562 2472 635 2546 est,
663 2459 693 2530 si
724 2459 802 2558 quis
829 2458 1024 2530 orationem
1054 2483 1101 2530 ex
1129 2486 1192 2535 sua
1221 2460 1318 2560 ipsius

267 2600 389 2660 mente
411 2589 523 2688 parit,
547 2609 663 2688 neque
683 2583 727 2657 ab
744 2583 890 2657 aliorum
910 2583 1043 2685 pendet
1062 2584 1177 2660 libris.
1225 2581 1319 2679 Quod

261 2737 342 2789 ¹non
381 2713 492 2786 solum
527 2713 708 2786 hominem
741 2708 842 2782 decet
877 2710 1070 2809 ingenuum
1102 2726 1139 2786 et
1175 2710 1319 2786 Oratoris

268 2841 364 2914 Sacri
389 2838 493 2916 titulo
520 2837 745 2935 insignitum3
770 2835 834 2910 sed
855 2833 898 2908 ad
927 2839 998 2908 vim
1025 2850 1062 2910 et
1088 2838 1319 2914 efficacitatem

269 2963 411 3060 dicendi
432 2967 536 3040 etiam
558 2966 758 3066 requiritur.
809 2963 857 3036 At
886 2987 931 3034 ne
966 2962 1034 3034 hoc
1063 2978 1200 3048 tamen,
1217 2965 1318 3038 minus

262 3090 504 3191 intelligatur,
528 3091 649 3167 sedulo
674 3089 871 3166 cavendum
898 3103 961 3162 est.

722 3260 753 3343 ξ.
806 3253 865 3343 274.

261 3397 265 3408 Ι
316 3417 381 3493 Ad
421 3417 620 3492 literarum
650 3417 851 3489 'Sacrorum
890 3413 1170 3508 explicationem
1210 3409 1321 3516 procul

268 3539 377 3616 (lubio
404 3543 448 3616 ab
481 3545 627 3619 Oratore
659 3539 850 3616 adhibendi
882 3553 965 3612 sunt
996 3539 1104 3629 libri,
1141 3555 1203 3630 et,
1230 3543 1258 3613 si
1288 3539 1321 3609 in

267 3667 527 3774 loculambiguo
549 3687 608 3744 eut
627 3672 774 3746 obscuro
799 3677 975 3754 versatur,
1000 3664 1059 3736 alii
1082 3667 1231 3765 quidem
1252 3677 1325 3766 post
1351 3689 1352 3697 ¹

268 3797 372 3887 alios,
408 3825 517 3900 usque
549 3799 634 3872 dum
668 3801 894 3897 interpretem
928 3793 1103 3893 repererit
1129 3794 1323 3894 ambiguum

1275 3929 1349 3992 auti

312 4119 367 4196 (Ῠ)
396 4122 616 4191 Osrrnrrno,
645 4079 724 4199 qu.
754 4137 953 4185 rrrrrrartsr,
982 4123 1162 4196 prbbsqq.
