2774 5022
146 387 263 468 ms.
294 390 332 464 c.
354 387 436 466 m.-
480 387 538 478 oa
564 390 660 464 orat.
686 387 816 462 sacrae
832 343 1012 484 parabus.
1067 401 1133 482 ηρ

535 585 567 683 o.
622 581 676 656 16.

133 739 314 842 Quidquid
332 763 417 818 ‚vero
446 751 686 840 argumentum
699 751 778 830 est,
804 761 911 839 aquo
932 701 1157 810 exordiatur
1234 747 1238 770 ¹

90 866 230 958 Orator,
258 871 417 962 primum
448 861 569 939 sedulo
601 861 794 936 curandum
822 875 895 954 est,
926 859 968 936 u't
999 861 1133 937 illuda

87 1017 205 1081 causa,
231 1016 318 1092 quae
344 993 477 1090 agitur,
508 1016 583 1062 non
605 1001 798 1090 separatum
822 991 884 1080 sit;
919 988 991 1062 sed·
1012 989 1067 1066 vel
1091 1015 1134 1064 ex

85 1116 146 1190 hac
168 1121 245 1219 ipsa
267 1144 366 1192 causa
390 1119 532 1230 penitus
555 1115 764 1208 effloruisse,
790 1115 846 1191 vet
867 1129 960 1187 certe
984 1113 1034 1196 ad¹
1055 1141 1133 1190 earn
1224 1213 1228 1222 Ι

86 1247 261 1344 aptissime
286 1243 415 1319 ducere
436 1242 738 1344 deprehendatur:
763 1269 868 1342 quara
887 1244 925 1314 in
957 1241 1132 1342 regulam,

16 1419 17 1434 1
84 1375 237 1476 quamvis
255 1399 293 1446 se
321 1376 396 1475 ipsa
413 1383 550 1462 tuetur,
577 1382 765 1470 peccarunt
786 1391 1037 1440 cunrsosrouus
1055 1369 1132 1443 alii-

16 1563 17 1572 ,
88 1525 152 1599 que
188 1513 341 1590 veteres,
380 1502 427 1570 ita
458 1496 574 1571 dicere
606 1495 838 1596 incipientes,
873 1508 913 1566 ut
952 1491 1131 1571 exordium

16 1627 17 1672 ³
87 1651 166 1700 cum
192 1628 349 1700 oratione
375 1620 598 1696 nullomodo
620 1620 819 1694 cohaereret
842 1619 930 1716 (†).
1102 1619 1106 1624 ’

537 1797 568 1896 ξ.
621 1821 675 1896 17.

88 2001 92 2006 ·
126 1973 251 2056 Altera
274 1973 397 2074 regula
419 1983 494 2063 est,
519 1969 661 2045 exordio
679 1965 964 2044 constituendum
987 1998 1060 2048 esse
1078 2001 1130 2049 ar·

84 2115 283 2200 gumentum
296 2158 305 2191 ,
317 2126 387 2202 quo
406 2098 564 2172 homines
574 2094 717 2200 quidem
733 2093 777 2169 ad
800 2093 1020 2174 audiendum
1031 2127 1129 2202 prae·

85 2241 267 2325 parentur,
294 2226 356 2300 sed
387 2227 590 2328 neutiquam
618 2234 852 2324 occupentur,
888 2249 975 2324 quae
1007 2225 1128 2326 postea

84 2349 221 2426 demum
241 2350 420 2426 tractanda
438 2363 541 2440 sunt:
565 2347 660 2451 quod
676 2351 736 2450 qui
753 2341 995 2442 committunt,
1013 2351 1130 2454 ipsum

82 2475 173 2551 haud
194 2506 272 2554 raro
293 2481 475 2555 exordium
498 2476 601 2551 rebus
617 2475 731 2548 adhuc
755 2473 910 2548 obscuris
932 2469 1128 2575 inrolvunt;
1158 2475 1166 2484 ’

82 2605 116 2676 in
138 2607 292 2678 oratione
309 2632 411 2698 vero,
436 2606 490 2679 vel
511 2619 591 2678 ante
622 2610 692 2704 jam
719 2601 812 2675 dicta
842 2605 1021 2701 repetere,
1047 2605 1126 2700 rel,

81 2745 116 2802 ut
134 2733 270 2831 ingrata
289 2733 347 2806 illa
368 2733 517 2810 evitetur
541 2729 720 2831 repetitio,
747 2731 939 2802 necessaria
966 2725 1126 2805 omittere

82 2873 245 2955 cogrmtur
268 2861 315 2958 (*
328 2862 355 2958 )
531 2958 561 3042 ἓ.
616 2959 668 3028 18.

125 3105 266 3204 Tertio,
291 3138 373 3188 curu
398 3111 532 3184 exordii
558 3123 797 3219 argumentum
822 3111 1019 3210 appositum
1050 3137 1124 3190 esse

80 3213 197 3310 debeat
226 3171 270 3309 ad
299 3238 481 3312 hominum
501 3261 599 3310 aures
622 3236 768 3308 orationi
792 3259 911 3310 revera
936 3237 1124 3313 concilian-

80 3361 155 3453 das,
191 3363 341 3439 erebus
366 3361 610 3466 perspicuitate
642 3376 677 3435 et
700 3349 864 3460 gravitate
891 3387 952 3433 sua
982 3365 1124 3464 insigni·

15 3515 16 3580 p
79 3485 138 3562 bus
172 3491 412 3590 incipiendum
447 3507 482 3564 et
515 3489 681 3588 deinceps
711 3485 1018 3589 progrediendum,
1041 3505 1120 3584 est,

109 3810 170 3884 (†)
186 3810 328 3867 Drours.
347 3809 416 3867 Hal.
433 3808 451 3866 L
470 3827 493 3866 o
510 3828 538 3885 p
555 3811 597 3868 63.
620 3829 761 3881 cronno,
779 3809 814 3865 de
836 3819 908 3866 orat.
924 3809 982 3868 [ὼ.
1000 3815 1037 3870 H.
1061 3835 1122 3896 cap.

80 3901 288 3964 rosunum
301 3907 457 3978 ,.,p871
482 3902 1121 3980 872.1211R,p272,273.sc=0u,

15 4083 17 4134 t
80 3985 1233 4165 1³¹(49tslililirru,l,cpesocucurrerolcpnttsqqscuorrx

15 4135 243 4276 fre-usur

15 4293 17 4444 ,
594 4260 668 4416 ¹I
