2774 5022
209 329 259 420 Ρ.
277 327 333 414 11,
359 325 401 410 C·
422 327 456 402 1.
505 327 571 406 De·
587 327 685 408 Orat.
713 323 843 404 Sacrae
866 288 1023 410 maiorm
1097 327 1146 430 95

478 529 484 550 ·
552 524 583 624 a.
633 523 691 599 52.
803 483 807 492 ’

138 697 365 816 ὃτιῑῐρεὶιιιιιέΙ
384 731 522 810 quoque
553 733 680 811 supra,
719 705 866 780 orationi
897 707 1019 782 Sacrae
1050 713 1151 786 inve*-

80 836 261 912 niendam
287 860 363 909 esse
387 838 594 929 materiam,
618 858 713 936 quae
740 837 810 930 ipsi
832 839 1016 908 conveniat
1038 839 1152 914 adeon·

80 970 124 1041 ἅ.
181 963 262 1036 Jam
288 989 372 1038 vero
397 959 491 1034 illud
518 961 606 1035 haec
636 963 703 1034 tria
729 961 768 1032 in
798 985 835 1032 se
865 962 1038 1056 continet3
1072 991 1152 1040 eam

82 1089 239 1168 oratoris
257 1102 294 1163 et
315 1093 456 1192 ingenio
473 1089 684 1180 convenire,
709 1100 745 1162 et
762 1111 965 1186 personae,
992 1103 1028 1162 et
1046 1094 1149 1168 vitoe

212 1283 214 1300 ·
550 1270 581 1372 §-
630 1269 690 1346 53.

139 1455 212 1530 Uti
235 1457 274 1532 in
295 1453 483 1560 proverbio
509 1453 663 1556 positum
688 1469 761 1548 est,
786 1481 859 1530 non
884 1482 1006 1532 omnes
1034 1459 1152 1534 omnia

1 1683 2 1702 χ
85 1607 223 1696 posse3
254 1585 305 1658 sio
322 1558 324 1566 Ι
339 1583 541 1688 quorumvis
574 1582 761 1656 Oratomm
789 1575 971 1657 Sacrorum
1006 1589 1154 1688 ingentis

1 1721 2 1732 ’
86 1735 168 1783 non
191 1711 335 1810 quaevis
357 1695 523 1784 materiae
544 1733 653 1812 aeque
674 1712 896 1786 conveniunt.
946 1709 1036 1787 Aliis
1056 1715 1154 1788 enim

88 1838 269 1909 enarratio
294 1836 480 1932 historiae,
506 1836 583 1911 aliis
612 1835 790 1912 doetrinae
824 1835 881 1911 vel
912 1837 1155 1940 contemplati-

89 1963 152 2056 vi,
181 1961 236 2037 vel
259 1965 365 2040 activi
385 1967 520 2063 generis
540 1963 699 2040 tractatio
720 1964 981 2038 convenientior
1003 1979 1067 2040 est.
1099 1967 1155 2042 Si·

87 2079 229 2166 militer
256 2088 334 2164 aliis
355 2093 464 2190 magis
491 2117 535 2166 ex
561 2105 643 2168 voto
666 2085 852 2162 succedere
879 2089 965 2163 solet
984 2094 1155 2186 materia,

87 2240 188 2318 quae
210 2214 341 2292 nudam
366 2231 402 2291 et
432 2232 597 2310 tenuem,
621 2243 726 2320 quam
751 2241 839 2317 quae
870 2241 1009 2316 gravem
1037 2221 1159 2296 variia

85 2365 169 2444 que
188 2342 373 2442 imaginum
398 2345 571 2420 coloribus
592 2343 790 2418 distinctam
813 2341 880 2416 sibi
903 2341 1054 2446 postulat
1075 2371 1155 2421 ora·

89 2470 251 2542 tionem:
279 2469 337 2544 alii
359 2486 480 2547 contra
506 2469 602 2572 haud
625 2498 742 2566 secus,
768 2469 879 2545 velet
900 2469 1155 2572 multomagis,

93 2593 151 2668 ad.
173 2595 239 2671 sibi
263 2597 356 2672 hanc
387 2625 491 2700 quam
521 2597 619 2672 illam
644 2597 849 2672 sumendam
872 2601 947 2672 nati
973 2596 1154 2674 videntur.

90 2721 135 2794 Si
161 2723 239 2824 quis
264 2725 368 2822 igitur
387 2725 569 2796 materiam
591 2722 657 2800 sibi
682 2722 896 2798 arridentem
911 2738 971 2828 aut
991 2749 1155 2826 quaeren-

96 2847 144 2930 do
174 2849 327 2942 invenit,
352 2863 411 2924 ant
431 2853 612 2954 inopinato
633 2864 759 2924 nactus
786 2862 862 2942 est;
889 2847 1012 2948 sedulo
1034 2849 1157 2951 explo-

95 2974 251 3050 randum
266 2991 336 3050 est:
355 2979 446 3078 qnid
465 2979 614 3053 ualeant
635 2975 778 3052 humeri
789 3035 799 3070 ‚
825 2974 1030 3077 quidserre
1053 3003 1154 3053 recn-

96 3116 197 3195 sent,
216 3101 348 3196 idest,
372 3117 490 3177 utrum
511 3131 634 3207 parem
655 3119 691 3179 et
712 3104 880 3180 idoneum
904 3127 941 3174 se
962 3101 1091 3178 haheat
1106 3099 1152 3178 ad
1212 3193 1215 3198 Ι

95 3225 200 3302 illam
217 3227 309 3302 bene
333 3229 568 3324 tractandam,
594 3257 640 3304 an
669 3244 729 3303 aut
748 3230 966 3322 intricatior,
990 3245 1049 3302 aut
1068 3229 1152 3304 suh·

1 3427 2 3444 ,
91 3355 219 3447 tilior‚
239 3371 297 3429 aut
315 3359 453 3456 ‘gravior
476 3361 539 3452 sit,
554 3385 669 3461 ,qnam
688 3373 728 3432 ut
750 3383 851 3460 spem
873 3361 1019 3431 eventus
1040 3357 1152 3456 optati

95 3480 273 3557 ostendat.
330 3484 436 3559 Haud
459 3511 536 3559 raro
565 3490 661 3561 enim
694 3488 757 3578 fit,
791 3498 856 3576 ut,
893 3484 986 3580 qui,
1019 3483 1152 3582 ingenii

1 3627 2 3688 t
97 3612 155 3684 sui
175 3612 358 3684 immemor
382 3611 437 3688 vel
461 3613 620 3716 ignaruS,
655 3611 798 3712 quaevis
827 3611 1024 3710 promiscue
1046 3613 1155 3686 susei-

94 3738 182 3836 pit,
214 3735 281 3810 sibi
309 3751 346 3812 et
371 3736 585 3813 auditoribus
615 3737 798 3838 displiceat
827 3735 981 3840 adeoque
1005 3737 1154 3840 nequid-

1 3907 2 3978 1
94 3889 207 3964 quam
226 3859 339 3936 dieat:
358 3867 519 3966 quivero
539 3865 630 3938 nihil
649 3863 745 3938 alind
766 3861 1029 3964 aggrediuntur,
1049 3887 1153 3964 quam

1 3989 2 4056 t
92 3987 197 4090 qnod
216 3973 370 4089 ingenio
406 4019 469 4066 suo
497 3991 797 4080 accommodatum
828 4015 902 4064 esse
936 3991 1154 4091 repererint,
1262 4001 1270 4020 ⁸

1 4073 3 4226 i
1063 4117 1157 4193 viam
