2774 5022
121 464 123 472 Α
205 355 396 468 3P.·Il.'C.
413 365 444 439 Ι.
492 351 673 441 Deferat.
699 355 831 439 Sacros
853 353 1021 439 &maletot
1089 375 1150 464 77
1266 321 1271 328 Ι

5 563 7 606 ²
87 553 224 640 mittere
244 529 366 662 iuvat}
391 560 556 663 quoniam
574 577 611 635 et
629 563 867 664 praeterlapso'
877 562 1032 661 longiore
1051 563 1158 632 temo

5 769 6 782 ,
83 693 183 792 poris
203 691 315 790 spatio
332 689 431 788 copia
449 713 522 760 esse
541 687 629 760 solet
648 657 878 781 emendandi3
903 704 939 762 et
959 712 1045 790 quae
1063 685 1157 787 plus·

5 797 7 810 ¹
85 815 199 890 semel
222 821 293 917 jam
311 817 461 914 repetita
485 830 565 888 sunt
579 835 600 908 ,¹
614 816 817 918 plerumque
845 817 964 925 minus
978 815 1068 886 bene
1090 837 1144 885 re·

5 985 7 1052 ,
88 946 263 1034 citantur,
288 965 393 1040 quam
405 929 407 936 ⁵
420 968 507 1042 quae
528 967 650 1015 recens
669 969 710 1015 ex
730 956 848 1015 mente
866 939 1086 1040 prodierunt;
1099 949 1148 1020 ⁴et

5 1061 6 1118 l
88 1069 266 1142 auditores
298 1065 450 1166 denique
477 1068 541 1141 hac
567 1071 606 1144 in
639 1075 677 1140 re
713 1067 886 1140 varietatis
919 1077 954 1136 et
983 1063 1148 1136 novitatis

5 1221 7 1274 t
91 1195 203 1294 gratia
225 1218 444 1293 summopere
463 1194 683 1268 delectantur
705 1209 740 1266 et
761 1192 808 1265 ad
825 1193 1019 1264 animorum
1034 1203 1149 1262 attam

5 1317 7 1418 ζ
90 1325 225 1394 tionem
252 1317 530 1392 exstimulantur.

498 1489 500 1492 ’
548 1471 720 1572 §.15..

144 1625 203 1705 Ad
227 1644 471 1730 argumentum
501 1633 665 1706 orationis
695 1621 892 1710 identidem
919 1630 1154 1721 mutandum,

94 1755 295 1834 Literarum
310 1755 574 1830 Sacrarumloca
593 1759 643 1832 ita
662 1760 802 1832 tractari
809 1771 979 1860 possunt,
999 1771 1039 1829 ut
1056 1783 1152 1829 nune

97 1866 144 1958 de
166 1886 274 1986 ipsius
288 1885 363 1974 rei,
387 1883 438 1956 ibi
459 1883 626 1976 traditae,
654 1899 714 1958 aut
735 1900 879 1977 natura,
904 1897 964 1956 aut
984 1883 1150 1973 veritate,

98 2026 160 2084 aut
176 2013 219 2084 de
245 2025 389 2111 utraque
408 2009 564 2102 dicatur;
584 2039 680 2084 nunc
701 2012 745 2084 de
761 2009 1040 2102 necessitudine,
1064 2028 1156 2112 quae‘

98 2135 193 2212 inter
218 2164 294 2210 eam
323 2113 358 2208 et
381 2139 579 2211 universam
598 2135 803 2238 religionem
820 2137 1072 2227 Christianam,
1097 2131 1155 2212 vel

99 2289 210 2336 unam
232 2263 418 2336 alteramve
450 2265 551 2364 hujus
577 2263 752 2362 religionis
779 2277 916 2365 partem
942 2255 1154 2354 intercedit:

99 2416 196 2464 nune
224 2388 269 2462 de
302 2384 505 2481 bonorum,
550 2417 636 2490 quae
668 2391 859 2494 antiquiora
894 2401 931 2462 et
963 2393 1158 2498 recentiora

100 2530 258 2616 tempora
284 2517 316 2588 ei
347 2510 562 2606 debuerunt,
596 2519 695 2617 copia
721 2531 756 2589 et
779 2517 956 2610 ubertate;
987 2545 1083 2593 nunc
1111 2509 1157 2591 de

103 2643 320 2741 gravissimo,
345 2640 441 2744 quod
469 2645 502 2714 ei
530 2643 637 2730 inest,
663 2641 817 2741 pondere
841 2642 886 2715 ad
918 2642 1067 2716 salutem
1089 2643 1158 2716 hu·

105 2795 260 2860 manam,
285 2783 361 2844 tum
382 2771 421 2842 in
439 2769 504 2842 hac
527 2771 600 2844 vita
622 2771 794 2860 terrestri,
815 2783 892 2842 tum
913 2771 952 2842 in
973 2768 1158 2845 beatorum

108 2895 247 2970 sedibus
270 2879 546 2997 procurandam
567 2921 663 2969 nunc
695 2895 762 2969 alio
784 2893 828 2970 de
859 2908 1090 2996 argumento,
1116 2923 1159 2974 ex

19 3123 26 3148 ι
108 3024 323 3124 Scriptorum
354 3025 537 3140 Sacrorum
563 3022 678 3098 verbis
703 3020 870 3096 eruendo.

560 3177 588 3276 a.
644 3179 699 3252 16.

158 3337 319 3408 Attamen
345 3313 541 3408 orationem
568 3334 705 3430 Sacram
740 3333 797 3407 die
829 3331 915 3406 festo
941 3334 1081 3416 iterum
1095 3335 1160 3409 iret

110 3485 255 3562 rumque
280 3475 439 3562 repetere
468 3473 640 3561 praestat,
666 3486 772 3561 quam
792 3461 942 3559 tempori
962 3461 1087 3536 minus
1108 3489 1162 3537 aea

113 3585 364 3660 commodatam
391 3611 468 3686 ⁴pro
505 3611 545 3658 ea
576 3585 784 3659 substituere
819 3585 919 3684 (†):
956 3586 1162 3692 hujusmodi

115 3717 204 3786 enim
235 3712 295 3786 die
324 3712 483 3802 solenni,
508 3725 549 3785 ut
571 3738 655 3813 prae
679 3712 802 3785 ceteris
831 3737 897 3811 pro
918 3717 1084 3788 concione
1108 3715 1162 3790 di-

118 3839 223 3913 cenda
248 3855 349 3932 sunt,
376 3865 463 3940 quae
487 3839 532 3912 ad
559 3845 776 3942 majestatem·
798 3843 872 3937 ejus
900 3835 1163 3932 illustrandam,

1073 3969 1169 4065 ejusr
1210 3983 1211 3986 ’

152 4147 207 4224 Η)
229 4149 372 4221 Iseon,
390 4146 409 4206 l.
426 4165 448 4206 e
465 4089 620 4225 piosqu
