2790 5018
186 354 191 364 ⁵
278 421 353 502 ada
402 415 449 488 P.
469 413 540 487 111.
576 408 675 486 SJI.
703 409 790 484 cd.
816 410 893 489 ,De
921 407 1217 506 Frocparafioue,

750 609 782 694 §-
834 609 869 681 8.

330 763 367 843 'si
388 768 483 871 quis,
505 780 689 867 antequam
703 769 820 840 onmia
840 767 877 840 in
896 767 1055 842 ordinem
1071 720 1250 869 disponere
1266 774 1314 844 iu-

277 887 407 998 cipiat,
443 903 676 992 argumento,
713 887 809 993 qnod
838 893 905 968 sibi
932 896 1077 985 sumsit,
1109 894 1314 988 meditando,

277 1029 352 1128 jorn
373 1021 652 1122 propositionem
672 1025 748 1119 ejus
766 1019 921 1112 invertit3
947 1022 1030 1094 hine
1039 1023 1203 1122 progredi
1223 1019 1314 1095 debet

205 1251 214 1258 g
278 1149 325 1223 ad
350 1146 447 1220 illam
477 1148 516 1218 in
543 1161 658 1248 partes
691 1173 769 1222 suas
799 1145 1047 1226 resolvendam,
1066 1161 1102 1222 et
1123 1147 1313 1226 distribuat·

278 1275 378 1348 dam:
407 1273 561 1374 partibus
580 1289 696 1347 autem
715 1275 930 1366 constitutis,
952 1273 1140 1380 divisiones
1160 1299 1268 1352 earum
1282 1275 1313 1352 iu

278 1401 436 1476 membra
455 1401 634 1474 faciendae
660 1415 755 1479 sunt.
835 1411 837 1416 '

747 1555 778 1653 i·
828 1583 865 1656 o·

328 1712 366 1784 Si
388 1703 492 1812 quern
513 1733 597 1782 vero
615 1707 735 1780 minus
756 1709 848 1781 clara
883 1724 920 1781 et
938 1711 1121 1810 perspicua
1144 1707 1314 1808 aganoni

278 1837 443 1936 cogitatio
460 1834 626 1936 impedit,
651 1837 838 1934 quominus
853 1833 1129 1936 pnporirionem
1144 1837 1175 1908 si
1193 1855 1314 1934 respou-

272 1963 422 2038 dentem
443 1965 608 2056 ,invenire
635 1963 766 2063 possit3
793 1987 881 2062 opus
903 1977 956 2036 est
985 1985 1167 2063 regmen:
1191 1983 1255 2062 quo
1269 1983 1314 2032 re·

151 2065 165 2086 ⁸
278 2117 379 2180 rum,
404 2116 492 2193 quae
511 2089 681 2164 dicendae
701 2088 879 2181 videntur,
902 2093 1020 2190 capita
1037 2088 1208 2194 primum,
1228 2097 1315 2196 prout

278 2219 348 2319 ipsi
370 2219 409 2292 in
435 2230 590 2290 mentem
613 2215 781 2308 veniunt,
810 2214 1039 2316 colligantur;
1068 2215 1194 2296 deinde
1216 2217 1250 2289 in
1269 2237 1315 2290 ot·

278 2343 402 2419 dinem
431 2342 609 2448 quendam
641 2356 828 2442 cogantur;
863 2343 1029 2448 denique.
1046 2348 1088 2422 in
1118 2344 1265 2418 membra
1286 2353 1314 2412 et

274 2470 397 2576 partes
422 2471 639 2544 dividantur:
668 2497 736 2570 qno
759 2475 897 2570 negotio
927 2472 1069 2570 tandem
1100 2484 1234 2574 peracto
1257 2491 1315 2542 eae-

278 2599 422 2700 pissime
450 2579 608 2686 eveniet,
636 2611 768 2670 utnon
799 2599 909 2678 solum
936 2601 1051 2672 omnis
1079 2598 1258 2672 obscuritas
1278 2591 1314 2706 ab

279 2739 484 2825 argumento
510 2739 641 2798 remota
669 2725 736 2818 sit,
762 2725 826 2800 sed
851 2726 1050 2828 propositio
1066 2728 1170 2800 etiam
1192 2749 1226 2794 se
1252 2699 1313 2820 ipsa

277 2849 369 2926 ultro
393 2851 526 2927 offerat.

733 2990 765 3074 ἕ.
821 3007 874 3055 ro.

328 3143 506 3238 Quoniam
525 3159 641 3218 antem
668 3144 884 3244 experientia
909 3141 1030 3234 docet,
1048 3139 1238 3218 'assiduum
1256 3131 1315 3208 stit

279 3297 387 3346 usum
415 3270 524 3362 claras
548 3285 584 3342 et
606 3274 808 3371 perspicuas
837 3295 956 3343 rerum
985 3272 1169 3360 notiones,
1200 3264 1313 3339 air-uu

279 3421 340 3471 sua
364 3393 514 3472 mirabili
530 3397 579 3469 'et
603 3397 708 3496 plane
731 3394 917 3495 singulari,
944 3410 1111 3498 tauquam
1141 3419 1181 3470 ex
1206 3385 1314 3464 abditis

281 3523 388 3595 animi
408 3523 600 3598 recessibus
623 3523 748 3596 elicere
775 3523 953 3623 oculisque
979 3522 1170 3623 subjicere3
1195 3511 1314 3590 oratori

279 3655 385 3726 Sacro
409 3652 478 3725 bae
512 3653 548 3726 in
583 3651 811 3753 dispositione
834 3648 1016 3724 ''laboranti
1047 3675 1155 3750 qnam
1182 3643 1315 3720 nerine

280 3780 501 3855 suadendum
523 3793 593 3870 est,
614 3791 678 3868 ut,
699 3779 824 3850 mentis
851 3779 923 3850 acie
946 3777 983 3848 in
1012 3787 1247 3876 argumentum
1266 3770 1312 3841 in·

281 3899 397 4000 tenta,
421 3909 559 3998 omnia,
591 3932 679 4006 quae
707 3904 775 3978 sibi
801 3919 1007 3994 occurrunt,
1039 3901 1231 3991 adscribat,
1262 3918 1314 3968 ne·

283 4061 350 4136 que
381 4036 423 4107 iis
458 4033 522 4106 alia
550 4032 717 4106 continuo
739 4029 905 4122 addere,
942 4029 1006 4102 alia
1046 4053 1129 4104 vero
1160 4027 1314 4108 demere,

284 4162 475 4258 corrigere,
501 4175 726 4262 transponere
753 4157 908 4252 desinat,
942 4157 1052 4234 donec
1077 4153 1223 4232 orationi
1245 4171 1314 4227 suae

1283 4275 1315 4345 ii·
