2774 5022
275 466 340 520 102
400 440 446 518 P.
464 435 518 512 ΙΙ.
546 434 586 509 C.
608 436 662 523 II.
709 436 767 510 De
794 434 894 508 Orat.
918 429 1049 507 Sacrae
1065 429 1204 529 forma.

668 628 860 727 »aa

325 771 485 867 Orationi
507 783 629 862 Sacrae
651 783 742 860 inest
764 788 907 878 unitas,
933 767 964 860 si
984 783 1139 886 sirrgtrlae
1156 788 1231 886 ejus
1252 811 1334 890 par.

273 934 327 995 tes
346 919 517 1002 adunam
542 900 680 988 tantum
698 908 915 1022 eandemque
934 937 1010 1006 reru
1034 925 1220 1036 qpectant,
1241 942 1332 1016 quae

276 1072 370 1122 nunc
399 1042 614 1144 explicetur,
649 1063 745 1111 nunc
771 1052 1054 1139 argumentorum
1079 1042 1117 1116 vi
1141 1039 1333 1142 probetur,

276 1185 372 1248 nunc
398 1200 417 1245 a
439 1163 774 1245 contradictionibus
794 1165 853 1242 vel
874 1163 1150 1244 dubitationibus
1175 1166 1334 1245 vindice-

275 1313 352 1391 tur,
376 1321 473 1371 nunc
494 1289 711 1370 auditoribus
735 1292 1140 1388 commendetur,'nuuc
1163 1295 1230 1372 alio
1248 1323 1333 1399 quo-

223 1395 228 1408 ·
277 1414 360 1498 dam
387 1421 493 1500 modo
517 1421 682 1518 agitetur:
708 1432 744 1491 et
767 1422 817 1494 ita
843 1419 1009 1524 quidem,
1032 1434 1074 1495 ut
1092 1435 1209 1523 partes
1235 1422 1332 1516 illae,

277 1553 413 1626 etiamsi
432 1549 511 1651 plus
536 1573 607 1624 uno
626 1549 768 1621 nomine
784 1547 878 1620 inter
897 1571 934 1620 se
951 1545 1140 1642 differant,
1164 1547 1333 1624 hactenus
1370 1593 1373 1604 ·

177 1768 184 1779 ,
277 1692 397 1754 tamen
419 1674 550 1754 similes
571 1677 642 1748 sint
663 1671 787 1752 circuli
807 1671 935 1762 radiis,
963 1675 1001 1748 in
1026 1672 1186 1750 medium
1211 1701 1332 1779 aequa·

275 1804 357 1882 liter
384 1800 609 1897 tendentibu
633 1799 751 1904 ibique
781 1825 818 1880 se
847 1801 1139 1902 contingentibus.

744 1955 774 2054 §-
824 1957 861 2050 4·

327 2112 446 2186 Minus
468 2108 676 2210 intelligitur
694 2112 841 2184 unitatis
863 2115 981 2204 notio,
1008 2115 1038 2190 si
1056 2113 1135 2215 quis
1157 2140 1198 2191 ca
1215 2141 1331 2192 rerum

280 2231 507 2329 uarietatem,
533 2263 620 2340 quae
638 2227 721 2312 'sine
747 2239 981 2314 controversia
1007 2236 1053 2310 ad
1082 2241 1248 2317 orationis
1273 2244 1334 2317 Sa-

280 2391 360 2440 crae
382 2363 681 2467 pulchritudinem
704 2338 916 2468 requiritur,
948 2363 1024 2437 tolli
1049 2364 1107 2440 vel
1132 2369 1241 2441 arceri
1271 2396 1334 2470 pu·
1372 2467 1373 2474 ἵ

279 2507 333 2566 tat
341 2483 435 2585 ;¹²aut
462 2493 515 2582 si,
541 2484 587 2564 ad
613 2481 694 2564 eant
723 2487 884 2590 religiose
908 2482 1182 2586 observandam,
1208 2497 1336 2572 oratori
1372 2477 1373 2497 Χ

278 2607 479 2709 interdicit,
503 2643 550 2691 ne
578 2631 746 2718 tanquam
779 2615 905 2692 devia
937 2619 977 2695 iu
1007 2617 1251 2694 divertiurlum
1278 2647 1336 2695 ex·
1371 2699 1372 2708 ,

278 2759 396 2822 currat
424 2761 529 2848 atque
552 2747 591 2822 in
617 2743 694 2818 loco
725 2743 793 2819 sibi
824 2769 971 2818 amoeno
1001 2745 1175 2822 auditores
1202 2737 1335 2849 praetei
1371 2719 1372 2733 ἵ

229 2911 234 2922 ·
280 2899 379 2974 spem
400 2887 435 2944 et
455 2874 749 2972 exspectationem
774 2871 952 2974 paulisper
978 2886 1116 2946 teneat:
1142 2857 1258 2976 quod,
1280 2877 1331 2950 uti
1370 2911 1371 2969 q

279 2999 373 3082 salva
394 3001 558 3096 orationis
583 3003 719 3072 unitate
742 2999 818 3078 lieri
849 3011 984 3100 potest,
1017 3001 1068 3072 sic
1097 2999 1242 3074 omnino
1269 3027 1331 3074 ne·

278 3129 467 3209 cessarium
492 3140 570 3218 est,
594 3125 655 3206 ubi
677 3128 752 3226 ipsa
775 3151 876 3203 causa
894 3127 1143 3228 digressionem
1164 3125 1328 3227 postulat.
1369 3169 1370 3207 a

622 3329 665 3386 ·.
748 3281 779 3380 ξ,
795 3280 863 3354 ,·5,
1368 3363 1369 3412 Ν

282 3439 397 3512 ''Sed
420 3442 556 3512 unitate
581 3454 710 3513 carent
732 3439 904 3512 orationes
931 3429 1078 3530 Sacrae,
1109 3458 1256 3542 quarum
1282 3437 1331 3513 di·
1368 3413 1369 3443 ¹

278 3555 469 3663 gressiories
488 3565 533 3640 ad
556 3581 711 3657 causant,
736 3591 822 3667 quae
847 3563 976 3664 agitur,
1004 3563 1249 3640 illustrandam
1274 3579 1330 3639 aut

276 3681 571 3775 cordoborandam
592 3693 684 3768 nihil
712 3695 923 3796 pertinent3'
940 3681 1000 3764 vel
1024 3717 1113 3794 quae
1135 3695 1186 3766 ita
1208 3693 1329 3766 consti·
1366 3755 1367 3774 ,

275 3809 371 3903 t'uta'e
400 3835 500 3914 sunt,
522 3835 571 3894 ut
587 3790 735 3920 singulis
768 3845 887 3896 earum
915 3817 1072 3920 partibus
1096 3844 1153 3894 res
1175 3822 1328 3896 contine·

276 3935 401 4039 antur,
425 3937 483 4047 aut'
504 3937 759 4028 necessitudine
784 3945 930 4052 quidem
955 3944 1069 4048 aliqua
1088 3925 1184 4056 inter
1206 3971 1245 4020 se
1274 3973 1328 4020 co·
1365 3945 1366 4010 ἒ

274 4073 431 4183 pblatae,
461 4101 528 4156 neo
555 4090 672 4154 tamen
690 4073 753 4156 uni
774 4076 956 4177 eidemque
979 4088 1182 4174 argumento
1201 4101 1266 4177 per
1292 4100 1327 4146 o-

275 4201 372 4284 uutiu
392 4200 516 4287 diffluo
534 4231 641 4319 acque
667 4204 846 4310 alligatu03
870 4217 930 4282 aut
953 4216 1154 4306 argumento
1179 4200 1240 4280 tali
1259 4227 1330 4276 non

1278 4351 1330 4403 so·
