2752 5022
216 531 218 538 .
262 445 333 555 'tia
383 455 430 551 P.
451 427 503 530 II.
531 453 663 532 cm.
713 457 769 532 De
793 457 891 532 Orat.
917 451 1047 530 Sacrae
1062 448 1246 550 partibas.

720 649 749 748 t
800 651 858 746 a·
1300 657 1303 664 ¹

309 808 415 906 Quod
437 805 599 883 nonnulli
630 821 800 896 monent,
835 809 1028 882 orationem
1056 807 1226 901 Sacram,
1260 807 1312 881 cui

259 937 401 1038 partitio
430 935 690 1035 praemittatur,
717 945 884 1034 tanquam
913 931 1045 1032 catenis
1067 917 1227 1033 allipari,
1243 935 1312 1032 qui·

260 1051 336 1160 hus⁴
355 1049 599 1163 impediatur,
635 1061 822 1161 quominus
849 1063 888 1136 in
917 1088 974 1135 res
1003 1061 1151 1162 tempori
1181 1084 1313 1132 accom-

261 1187 419 1263 modatas
446 1202 604 1260 excurrat
631 1201 667 1260 et
698 1189 840 1262 omnino
870 1185 983 1261 libere
1008 1184 1188 1289 'procedat
1224 1185 1314 1286 (†),

246 1341 318 1404 ex·
336 1342 498 1418 perversa
525 1288 640 1387 ortum
667 1327 721 1386 est
744 1315 929 1415 opinione,
955 1315 1148 1386 orationem
1178 1312 1220 1384 in
1243 1337 1315 1412 par·

262 1457 316 1518 tes
337 1444 487 1516 divisam
511 1441 764 1540 digressiones,
791 1443 926 1514 etiamsi
944 1465 1063 1512 causae
1090 1440 1315 1529 conveniant,

264 1597 338 1644 non
357 1568 541 1642 admittere
564 1567 665 1667 ('):
690 1583 725 1642 et
753 1593 859 1642 nemo
885 1592 968 1639 sane
991 1593 1112 1641 eorum
1142 1565 1316 1666 partitioni
1356 1625 1357 1634 ,

266 1719 304 1768 se
333 1695 478 1795 opponit
500 1689 613 1767 bonae
636 1707 672 1766 et
692 1701 748 1767 ex'
762 1697 838 1797 ipso
861 1708 1065 1794 argumento
1086 1696 1233 1794 petitae,
1258 1687 1317 1763 sed
1357 1720 1359 1784 i

263 1819 439 1922 quidquid
458 1817 512 1893 illi
530 1819 811 1912 contradicunt,
835 1819 881 1896 ad
901 1826 976 1922 ejus
999 1820 1144 1894 abusum
1167 1832 1316 1921 spectare

268 1946 550 2048 deprehenditur.
1361 1976 1362 2026 l

317 2229 370 2301 Sit
394 2231 442 2301 ita
475 2227 635 2331 quidem,
661 2227 860 2302 auditorum
887 2229 1021 2300 animos
1045 2225 1090 2298 ad
1117 2229 1219 2320 veri,
1245 2227 1320 2330 pul·
1364 2232 1365 2264 ³

268 2353 346 2430 chri
370 2370 405 2428 et
425 2355 561 2430 honesti
581 2382 724 2431 sensum
749 2354 974 2430 vehementer
996 2379 1215 2429 commovere
1241 2381 1319 2456 pos-

269 2505 326 2583 se,
350 2481 410 2580 qui
436 2507 494 2553 eos
514 2507 578 2584 per
595 2486 688 2557 viam
705 2459 941 2556 iis'occultam
968 2508 987 2552 a
1013 2465 1207 2555 minoribus
1224 2483 1321 2583 quasi

200 2596 203 2602 ¹
268 2605 442 2706 gradatim
474 2606 519 2679 ad
546 2615 676 2709 majora
700 2609 827 2701 ducat,
865 2607 978 2682 donec
1007 2605 1151 2680 tandem
1175 2633 1251 2700 eos,
1285 2611 1321 2680 in

270 2732 448 2826 culmine,
472 2763 542 2843 quo
566 2735 790 2831 tetendisset,
824 2736 1032 2826 collocatos,
1064 2760 1184 2808 rerum
1211 2733 1322 2840 splen·

270 2857 356 2933 dore
382 2875 418 2934 et
441 2864 680 2962 magnitudine
702 2851 843 2966 penitus
864 2853 1035 2965 'percellat
1059 2862 1142 2962 (§);
1166 2859 1231 2934 sed
1256 2859 1323 2934 val·

271 2985 318 3060 de
338 3003 455 3062 tamen
474 2987 705 3064 dubitandum
724 3006 793 3081 est,
817 3019 904 3064 num
919 2991 1004 3062 haec
1025 2992 1221 3096 animorum
1238 3014 1325 3060 com·
1364 3031 1367 3038 »

272 3117 380 3189 motio
410 3115 569 3188 homines
600 3141 722 3188 revera
753 3107 1003 3218 sapientiores,
1038 3115 1197 3190 meliores
1219 3129 1256 3188 et
1284 3113 1325 3186 ad

273 3237 387 3320 officia
418 3267 480 3313 sua
513 3241 672 3342 religiose
706 3242 925 3344 exsequenda
960 3244 1147 3344 paratiores
1180 3221 1326 3332 reddat,

272 3369 343 3442 nisi
367 3367 475 3441 claras
506 3373 607 3458 veri,
631 3365 775 3470 pulchri
801 3384 837 3444 et
864 3369 1002 3443 honesti
1023 3370 1183 3442 notiones
1210 3380 1326 3440 mente

273 3498 512 3596 perceperint:
540 3498 601 3570 has
625 3513 743 3572 autem
761 3497 921 3570 notiones
943 3523 1009 3570 nec
1033 3510 1151 3571 mente
1169 3497 1329 3598 percipe·

275 3645 334 3712 re,
357 3646 424 3694 nec
450 3627 616 3699 memoria
636 3627 742 3698 etiam
769 3625 920 3697 retinere
940 3647 1039 3725 posse
1059 3621 1237 3714 videntur,
1260 3619 1329 3693 nisi

277 3773 335 3821 cos
364 3747 410 3820 ad
430 3752 621 3823 orationem
645 3749 854 3824 audiendam
878 3763 912 3821 et
933 3739 1096 3850 deinceps
1118 3748 1329 3860 sequendam

277 3877 534 3977 praeparaverit
560 3878 711 3976 partitio.
1190 3973 1209 4078 ἓ
1271 3969 1320 4067 45

1211 4024 1223 4049 .
1324 4021 1334 4046 .

316 4128 378 4198 (τ)
395 4127 522 4184 Enseu.
541 4149 568 4210 p.
591 4131 650 4196 874.
679 4127 852 4208 ereneus,
873 4146 900 4204 p.
917 4130 957 4185 th
981 4091 1162 4196 ⁴uranon.
1181 4145 1209 4202 p.
1227 4145 1267 4202 93.

313 4219 324 4292 l
337 4219 369 4288 ¹)
387 4223 453 4292 Car·
470 4217 506 4272 u
534 4221 557 4290 t·
575 4226 601 4286 t·
1140 4267 1144 4278 .

319 4307 379 4380 (5)
396 4305 573 4377 Francos,
592 4329 622 4386 p.
644 4327 675 4383 9²
694 4326 754 4382 sqq.
786 4305 827 4366 Cf.
844 4325 1060 4377 suornm,
1078 4322 1106 4380 p.
1127 4321 1173 4360 ror
1195 4320 1258 4379 sqq·
