2752 5022
120 421 161 492 P.
175 417 229 490 ll.
256 417 296 489 C.
320 416 385 489 W.
435 409 490 488 De
515 418 616 491 Orat.
640 417 770 492 Sacrae
794 407 954 494 diodone.
1009 420 1082 520 195

36 616 86 690 illa
103 627 134 688 et
154 612 290 687 insolita
308 611 434 703 dictio,
460 637 503 684 cx
521 613 673 710 figuratis
689 611 828 686 Veteris
844 613 993 687 maxime
1009 613 1076 686 Te·

36 741 186 816 stamenti
217 740 301 814 locis
336 737 484 813 conflata
511 735 700 841 (linguam
728 752 857 814 vocant
891 741 1076 844 Cananae·

37 871 125 968 am),
149 895 254 968 quam
284 868 385 942 multi
407 865 508 959 olim,
535 893 638 968 pars,
662 881 701 939 nt
735 866 971 966 superstitioni
996 893 1076 940 suae

37 995 262 1093 indulgerent,
286 1021 389 1096 pars,
414 1009 454 1068 ut
477 995 614 1092 ignarae
638 991 840 1094 plebeculae
867 999 973 1068 aures
987 993 1081 1068 mul·

9 1135 164 1213 carent,
197 1123 414 1224 frequenter>
430 1122 468 1194 in
498 1143 557 1191 ore
586 1118 813 1211 habuerunt,
847 1119 950 1194 hodie
986 1145 1082 1194 unus

38 1263 159 1324 tantum
180 1261 215 1321 et
238 1246 326 1321 alter
350 1249 388 1318 in
412 1271 470 1318 ore
488 1245 595 1318 habet
620 1248 704 1346 (†).

481 1420 511 1517 §-
563 1446 623 1523 aa·

9 1553 11 1634 l
79 1579 190 1653 Dictio
221 1573 373 1676 denique
409 1577 571 1649 Oratoria
602 1573 776 1651 Biblicam
806 1579 895 1660 ferre
932 1578 1079 1679 nequit,

41 1706 97 1777 nisi
121 1704 247 1775 Orator
267 1701 332 1776 hac
351 1701 400 1773 ita
421 1701 548 1794 utitur,
577 1715 617 1773 ut
638 1703 857 1778 vernaculam
883 1707 1081 1778 Literarum

9 1877 11 1926 t
40 1833 205 1904 Sacrorum
235 1827 555 1928 interpretationem
580 1827 731 1902 subinde
762 1813 942 1930 paululum
968 1830 1083 1904 mutet

9 1937 12 2024 l
41 1971 70 2030 et
94 1955 137 2030 ad
157 1953 366 2028 hodiernam
388 1952 528 2028 dicendi
551 1955 726 2028 rationem
749 1954 939 2029 emendet:
963 1957 1084 2054 unago

9 2101 11 2154 t
42 2110 95 2158 nes
114 2096 231 2156 autem
249 2075 519 2184 ea'aspematur
540 2095 612 2174 tam
641 2081 858 2176 audaciores,
885 2110 989 2184 quam
1015 2079 1084 2158 sibi

9 2199 11 2228 '
41 2212 144 2284 minin
164 2221 383 2302 constantes3
409 2208 605 2313 cujusmodi
630 2209 818 2283 nonnullae
839 2210 894 2282 hie
919 2212 959 2282 in
990 2211 1084 2304 Lite

41 2335 83 2408 ris
103 2351 255 2426 exstare,
280 2360 385 2408 nemo
413 2334 614 2424 mirabitur,
639 2338 799 2434 quiens,
824 2337 914 2410 duce
938 2333 1084 2436 quidem

44 2463 164 2558 Spiritu
191 2462 345 2551 Sancto,
384 2458 446 2534 sed
472 2473 636 2560 exparte
662 2476 781 2536 nmen
803 2463 926 2564 primis
950 2459 1085 2560 generis

10 2551 12 2626 l
42 2588 196 2686 humaui,
219 2589 278 2686 jvel
301 2590 484 2689 postremis
506 2586 652 2660 civitatis
674 2591 893 2664 Israeliticae
917 2587 1083 2688 tem-pori·

10 2677 12 2760 l
42 2714 116 2808 bus,
139 2729 177 2790 et
199 2717 343 2812 omnino
364 2712 429 2787 sub
451 2711 614 2786 calidiore
631 2712 728 2787 ooelo
751 2717 898 2818 scriptas
919 2739 994 2788 esse
1007 2735 1083 2785 mo

10 2859 11 2862 ’
44 2841 186 2918 miserit.
1082 2843 1084 2850 ’

11 3071 13 3154 l
77 3104 126 3172 Η)
143 3102 221 3162 Vis
248 3118 398 3169 voonsr,
417 3097 521 3154 Oratio
541 3099 720 3175 depopulari
740 3102 882 3175 religionis
900 3103 1086 3164 ,Christianae

11 3191 12 3196 ’
45 3184 177 3264 disciplina
198 3208 235 3246 ea
255 3191 394 3265 legitimae
418 3189 571 3244 Sacrorum
592 3189 727 3246 librarian
749 3193 985 3266 interpretationis
998 3188 1087 3266 sonte

12 3307 13 3314 .
44 3275 179 3354 praecipue
201 3275 365 3334 haurienda.
399 3295 427 3352 p.
447 3294 480 3330 aa
506 3295 565 3352 sqq.
593 3296 762 3350 aessens,
794 3301 823 3356 p.
847 3285 912 3348 143,
935 3285 991 3348 1‘44·
1023 3298 1089 3340 m

12 3363 13 3372 ’
48 3366 300 3439 Ιιυεειοι,1.ο.
