2774 5022
252 308 322 424 iri
370 325 419 400 P.
436 325 489 402 11.
518 326 559 401 C.
578 327 640 402 Il.
695 325 752 398 De
777 321 878 397 Orat.
903 326 1039 401 Sacrue
1054 315 1198 424 formo.

251 525 410 612 Humilia
434 535 589 619 careret,
616 520 660 594 ad
686 520 783 595 lione
804 546 942 625 quoque
965 505 1162 600 orationem'
1182 526 1285 602 Arral
1303 559 1319 586 ε

252 655 359 724 tr'eam
381 647 644 726 'accommodari
663 647 813 722 debent:
841 662 882 720 ut
903 651 999 748 prior
1020 653 1125 750 igitur
1149 667 1186 724 et
1204 671 1317 754 poste·

183 817 185 830 1
253 780 451 878 timpora,
476 777 637 852 universe
662 789 838 876 spectata,
871 774 915 846 ad
945 773 1041 850 idern
1073 793 1317 877 argumentum

241 881 451 1006 ¹pertineat3
489 917 526 975 et
548 916 716 1004 utraque,
752 901 877 976 ordine
905 901 996 976 bene
1027 905 1222 978 constituto
1249 933 1319 984 neo

253 1055 327 1106 non
349 1031 453 1131 pari,
488 1041 661 1128 quantum
690 1028 769 1099 fieri
792 1041 928 1126 potest,
960 1055 1066 1129 passu
1096 1029 1320 1129 procedens,

250 1150 362 1257 magis
379 1158 564 1256 magisque.
577 1154 734 1254 pondere
754 1167 903 1248 crescat3
920 1167 956 1226 et
973 1156 1088 1228 omnis
1103 1168 1221 1232 tamen
1240 1186 1318 1235 ora-

252 1283 356 1356 tionis
377 1274 484 1355 seriee
510 1305 559 1381 ex,
575 1265 687 1382 ipsius
706 1281 891 1385 scriptoris
914 1283 1009 1356 Sacri
1032 1295 1202 1383 tanquam
1220 1311 1318 1362 men·

251 1423 288 1494 te
313 1409 415 1485 fluat.

253 1549 257 1560 ·
709 1507 741 1606 ξ.
793 1509 852 1583 3ο.
882 1531 883 1536 ’

298 1645 337 1739 Si
368 1677 486 1740 autem
514 1661 584 1740 loci
617 1663 816 1738 Literarum
849 1659 1055 1757 sacrarum,
1091 1669 1152 1768 qui
1182 1667 1315 1746 nullam

193 1821 194 1828 ¹
253 1793 422 1866 orationis
442 1793 667 1894 partitionem
691 1789 864 1885 admittit,
890 1806 927 1864 et
949 1793 1184 1894 Anulytr'cnm
1202 1809 1319 1872 tamen

251 1917 397 1994 dicendi
418 1945 527 2018 genus
544 1921 672 2018 exigit,
697 1944 781 2020 prae
804 1915 968 2026 manibus
987 1935 1041 1993 est
1064 1925 1247 2019 tractatio;
1269 1927 1322 2000 ni·

251 2045 306 2122 hil
326 2045 423 2121 aliud
439 2049 568 2121 oratori
587 2059 695 2120 restat
712 2071 818 2148 quam
840 2047 1066 2122 Exercitatio
1080 2049 1241 2144 Bibliea,
1259 2053 1320 2128 vel

248 2177 545 2272 interpretationis
571 2175 772 2249 Literarum
796 2173 1013 2264 Sacrorum,
1047 2201 1157 2275 quae,
1192 2183 1244 2254 uti
1274 2179 1326 2254 ab

252 2301 470 2402 orationibus
493 2328 599 2406 supra
623 2301 773 2376 laudatis
797 2315 898 2375 caute
923 2300 1091 2402 distingui
1115 2303 1247 2400 debet,
1273 2309 1323 2382 ita

253 2429 392 2504 duobus
410 2441 547 2503 constat
565 2453 636 2502 uno
659 2429 851 2532 eodemque
868 2432 989 2502 tenore
1007 2435 1214 2532 propositis,
1242 2437 1322 2510 lon-

176 2532 180 2544 ¹
204 2633 207 2638 ,
247 2555 564 2661 ςίοήεωυῇηεὰαω
583 2555 652 2630 Ioci
672 2557 910 2656 explicatione
931 2571 965 2629 et
994 2547 1087 2632 brevi
1106 2566 1180 2659 ejus
1200 2566 1323 2662 appli-

249 2675 389 2763 catione
416 2683 462 2758 ad
483 2685 682 2759 auditorum
707 2711 831 2776 usum,
858 2684 1081 2786 explicationi
1112 2693 1245 2790 passim
1269 2695 1325 2766 in-

175 2891 178 2902 ,
249 2818 417 2913 terjeota:
451 2837 567 2913 neque
600 2815 707 2911 igitur
736 2809 781 2884 ab
809 2813 967 2886 Homilio
998 2813 1119 2888 differt
1140 2822 1321 2918 antiqua,

247 2953 492 3044 praeterquam
508 2939 603 3040 quod
616 2939 734 3012 omnia
750 2937 863 3014 aliena
884 2940 929 3014 ab
945 2969 983 3013 ea
994 2929 1202 3017 amoventur
1224 2949 1319 3048 (†).

709 3095 739 3193 g.
771 3075 850 3168 δι.

298 3250 370 3326 Sed
392 3250 550 3354 quamvis
581 3249 668 3324 haee
706 3251 871 3325 orationis
897 3230 1008 3326 forma
1037 3267 1073 3325 et
1102 3257 1213 3332 multo
1245 3229 1324 3338 me·

149 3358 152 3374 ¹
246 3378 334 3474 lior,
349 3405 465 3485 ,quam
489 3379 647 3452 Homilia
676 3381 835 3480 antiqua,
864 3391 900 3451 et
924 3381 967 3455 iis
992 3382 1151 3481 praedita
1173 3400 1227 3459 est
1248 3393 1323 3464 vir.

188 3549 191 3556 1
246 3496 407 3600 tutibus,
440 3533 525 3610 quas
552 3509 667 3580 omnis
694 3507 805 3580 oratio
836 3506 1029 3607 Anelytica
1051 3507 1230 3618 possidet3
1263 3518 1325 3589 in·

247 3633 432 3711 commoda
455 3649 573 3707 tamen
596 3623 717 3726 habet,
745 3633 790 3707 ab
816 3647 965 3737 utroque
989 3635 1138 3711 dicendi
1166 3665 1323 3739 genere,

153 3743 157 3752 i
246 3760 344 3866 quod
367 3788 472 3865 supra
495 3759 735 3854 laudavimus,
761 3777 918 3836 remota:
943 3761 1111 3840 videlicet
1132 3767 1324 3874 incompo-

1276 3929 1327 3974 Sl·

279 4088 345 4164 (†)
372 4083 415 4142 Gi.
439 4084 593 4167 Br‘jdrogerr
617 4093 659 4142 tot
684 4085 719 4141 de
740 4084 831 4164 beoeff.
859 4097 902 4144 eto
937 4091 1018 4147 Torn.
1039 4089 1105 4151 vn.
1131 4112 1159 4170 p.
1179 4097 1231 4163 ²1¹5
1253 4115 1323 4173 sqq.

246 4182 297 4256 ‘rr
320 4196 380 4252 saa·
