2726 5022
174 487 175 494 ,
203 422 307 514 raban
333 425 380 498 ab
411 429 557 500 Oratore
585 426 694 500 Sacro
715 405 973 524 cognoscendis.
1048 433 1119 528 237

528 623 557 720 §-
612 647 665 722 ¹7·

123 784 233 878 Longe
256 769 398 878 quidem
421 777 559 878 lateque
582 779 708 878 serpsit
729 781 867 877 opinio,
891 783 1031 856 Oratori
1061 784 1129 858 Sa«.

15 935 17 998 ς
82 933 156 997 cro,
185 885 247 978 ¹cui
274 903 485 1004 populariter
522 930 586 1003 pro
625 907 793 978 concione
816 879 1014 981 'dicendum
1045 924 1121 1000 est,¹

16 1023 17 1026 ¹
80 1030 274 1133 popularem
298 1029 538 1102 doctrinarum
560 1029 700 1103 illarum
724 1033 959 1130 cognitionem
980 1033 1026 1106 ad
1043 1061 1122 1108 mu·
1210 1017 1213 1024 ¹

15 1207 16 1212 κ
81 1189 140 1234 nus
155 1188 254 1234 suum
271 1159 362 1231 bene
382 1157 698 1230 administrandum
715 1157 892 1232 sufficere:
910 1159 988 1251 sed,
1004 1187 1121 1262 quam·

80 1286 123 1360 tis
152 1283 315 1360 lubenter
345 1283 590 1376 concedimus,
615 1283 710 1356 haud
732 1309 843 1382 pauca
870 1289 908 1357 in
936 1286 1122 1385 Theolog07

15 1399 16 1480 J
79 1440 148 1485 rum
173 1411 301 1484 scholis
326 1411 486 1502 tractari,
513 1435 600 1510 quae
624 1413 801 1482 neminem
828 1412 866 1483 in
894 1411 1014 1510 vulgus
1037 1412 1121 1485 ede-

15 1587 16 1596 η
80 1565 112 1608 re
137 1551 314 1638 oporteat;
341 1537 424 1610 haec
447 1537 522 1636 ipsa
545 1549 662 1606 tamen
688 1534 732 1606 ab
760 1538 906 1608 Oratore
930 1541 1057 1630 Sacro,
1082 1553 1121 1612 ut

15 1659 16 1746 ζ
80 1659 159 1736 hene
183 1669 215 1738 ei
233 1660 398 1738 succedat
419 1662 629 1763 populariter
653 1656 795 1734 dicendi
820 1653 1015 1762 negotium,
1042 1667 1149 1738 sciri·

15 1773 16 1792 ¹
81 1787 209 1864 debent.
248 1789 344 1884 Quin
362 1791 467 1862 etiam
486 1790 660 1862 eruditam
678 1785 774 1860 illam
793 1791 830 1861 in
854 1790 999 1861 Oratore
1016 1791 1121 1864 Sacro

80 1917 281 2018 requirimus
302 1919 558 2030 cogaritiorrem,
584 1941 672 2015 quae
709 1913 947 2019 doctrinarum
976 1917 1020 1990 ad
1043 1917 1123 1990 reli-

15 2075 17 2162 ,
82 2041 206 2138 gionem
232 2043 508 2142 pertinentium,
531 2027 603 2114 tam
621 2067 741 2114 causas
757 2055 793 2112 et
810 2041 975 2141 origines,
1002 2057 1037 2114 et
1053 2044 1124 2142 sor-

81 2179 167 2240 tunas
196 2169 331 2256 varias,
365 2181 400 2238 et
427 2183 563 2240 mutuas
590 2169 685 2269 quasi
712 2171 955 2266 cognationes,
981 2185 1018 2242 et
1049 2151 1125 2270 pre*-

84 2291 160 2363 tium
181 2291 336 2394 denique
362 2306 463 2392 atque
493 2319 616 2385 usum,
644 2320 748 2395 quam
773 2309 930 2367 naturam
958 2309 993 2366 et
1018 2295 1134 2367 indo-⁴

15 2449 17 2550 p
84 2415 145 2490 lem
169 2417 426 2519 complectitur.

15 2605 17 2700 p
520 2583 660 2681 §.182

123 2735 365 2812 Certissimum
394 2761 522 2836 nempe
552 2752 626 2822 est,
658 2737 838 2811 Oratorem
865 2739 1031 2832 Sacrum,
1063 2745 1124 2842 qui

15 2835 17 2926 l
76 2857 138 2968 'hae
157 2863 295 2936 erudita
324 2865 519 2960 cognitione
542 2877 677 2956 careat,
702 2865 876 2964 religionis
897 2891 1033 2966 quoque
1064 2868 1125 2973 do·
1176 2965 1179 2972 γ

79 2991 199 3062 ctrinas
224 2989 271 3060 ab
291 2992 388 3062 omni
412 3003 509 3088 parte
538 2989 719 3082 tradendi,
743 2993 906 3064 Divinam
930 3020 1047 3068 earum
1067 3009 1126 3070 au'·

15 3137 16 3228 ³
58 3115 270 3204 ⁴ctoritatem
291 3113 464 3188 subtiliter
481 3115 697 3216 exponendi,
724 3119 1035 3212 necessitudinem,
1060 3151 1128 3224 qua

15 3269 16 3278 ¹
79 3239 165 3312 inter
187 3269 224 3314 se
258 3264 434 3313 connexae
462 3257 563 3332 sunt,
589 3244 771 3344 perspicue
793 3244 1023 3335 ostendendi,
1048 3227 1134 3321 muss

15 3415 16 3476 ,
81 3371 243 3460 tationes,
271 3393 357 3467 quas
385 3367 585 3457 subierunt,
612 3370 656 3442 ab
680 3397 745 3442 ovo
766 3371 966 3470 repetendi,
992 3375 1128 3478 opinio-

81 3519 161 3566 num
184 3495 231 3567 ab
259 3496 301 3566 iis
327 3477 539 3567 diversarum
570 3493 717 3566 latebras
748 3495 931 3595 detegendi
963 3513 1065 3600 atque
1092 3504 1130 3575 in
1191 3521 1195 3534 ⁸

79 3613 189 3690 lucem
218 3617 371 3708 edendi,
397 3623 469 3692 vim
500 3620 651 3720 denique
681 3645 799 3692 aarum
826 3636 862 3694 et
893 3625 1144 3702 efficacitatem,

16 3799 17 3808 ,
81 3743 113 3813 in
146 3747 332 3818 hominum
364 3746 495 3818 animos
525 3747 568 3818 ah
609 3749 705 3818 omni
734 3752 979 3848 superstitione
1009 3753 1131 3828 distin·

15 3951 16 3968 ,
83 3869 205 3966 guendi
227 3873 386 3972 negotio,
413 3875 546 3945 etiamsi
569 3871 624 3946 vel
647 3877 817 3972 temporis
843 3879 992 3976 postulet
1022 3859 1129 3972 ratio',
1174 3894 1177 3902 ’

15 3997 16 4058 ἲ
82 3997 313 4072 velorationis
337 4013 595 4098 argumentum,
622 3989 939 4098 longeinleriorem
964 4031 1056 4078 esse:
1079 4011 1131 4080 uti
1228 4044 1233 4056 ·

82 4125 170 4196 enim
195 4123 356 4217 nullum,
383 4151 424 4197 ex
442 4151 512 4227 quo
536 4125 602 4198 illa·
612 4139 773 4217 manent,
798 4129 836 4199 in
867 4155 903 4201 se
931 4131 1037 4206 hahet
1055 4135 1131 4207 son·

1037 4276 1107 4333 tem
1122 4288 1132 4356 3
