2790 5018
137 451 227 538 quoe
251 427 289 509 in
317 427 473 509 oratioue
497 429 607 508 Sacro
618 429 803 531 fizcieridct
825 415 991 510 recitatur.
1042 442 1117 537 ⁹89

70 645 122 706 eut
141 631 327 708 obscurum
346 632 432 708 illud
450 646 671 719 amoventem
688 645 725 703 et
745 629 947 724 tollentem
970 645 1006 705 at
1027 631 1115 706 duos

70 771 174 844 tamen
199 760 250 846 yel
274 775 345 848 tres
370 759 657 850 commentarios,
692 760 733 846 in
748 811 751 816 -
767 783 831 846 suo
858 783 983 856 genere
1014 783 1116 859 prae·

69 897 209 974 stantes,
234 884 304 959 sibi
329 910 465 958 sumere
498 889 614 992 juvat,
642 887 703 984 qui
730 898 767 958 et
802 882 846 956 de
883 883 1116 985 qualicunque
1168 868 1171 874 ¹

67 997 135 1094 loco
165 1014 321 1113 primum
341 1010 672 1106 consulantur,·et,
697 1013 767 1086 nisi
795 1010 881 1111 quid
907 1009 1115 1112 relinquunt
1229 1100 1236 1114 s

67 1129 313 1230 ,desideralsilm
339 1138 405 1211 soli
429 1137 537 1212 duces
560 1137 774 1224 habeantur:
799 1136 887 1212 nulli
913 1161 995 1210 vero
1019 1161 1114 1225 com7

68 1264 221 1354 mentarii
240 1263 380 1363 majoris
396 1266 472 1338 fieri
491 1263 623 1338 debent
639 1290 745 1364 quam
765 1265 864 1367 'quasi
881 1263 987 1358 duces
1002 1319 1011 1355 ,
1024 1290 1129 1366 quos.
1203 1334 1204 1338 ,

67 1388 183 1463 Orator
216 1404 401 1492 aequatur,
437 1405 477 1464 ut
510 1391 694 1492 Scriptoris
722 1391 819 1468 Sacri
845 1403 1002 1466 mentem
1039 1392 1112 1468 suis
1239 1392 1240 1396 ’

63 1515 128 1615 ipse
152 1519 272 1610 uerbis
297 1517 459 1592 concioni
482 1517 649 1620 explicet.
730 1601 736 1613 ,

520 1674 554 1762 5.
602 1673 662 1750 25.

103 1827 157 1904 De
183 1833 352 1906 orationis
375 1845 585 1930 argumento
604 1827 710 1905 libros
731 1831 866 1930 legere,
893 1827 1112 1932 contempla·
1229 1929 1233 1935 Ι

63 1955 160 2028 livam
187 1955 367 2056 religionis
401 1957 620 2053 doctrinam,
654 1954 712 2032 vel
745 1952 1111 2058 disciplinam'mora-

60 2077 145 2173 lem,
182 2084 240 2158 vel
279 2083 460 2158 historiam
507 2083 792 2158 Ecclesiastioam
824 2086 880 2160 via
912 2101 960 2185 ⁴et·
977 2089 1111 2172 ratione

60 2219 262 2312 tractantes,
287 2211 445 2312 quamvis
463 2211 537 2284 viro
557 2208 602 2281 ad
628 2207 773 2286 dicendi
794 2238 923 2287 munus
939 2211 1031 2294 hene
1049 2186 1112 2315 pa·

59 2347 126 2408 rato
146 2339 184 2410 in
204 2337 380 2438 plerisque
401 2337 512 2410 causis
531 2337 650 2410 minus
667 2339 901 2412 necessarium
918 2352 992 2431 est,
1017 2363 1112 2426 sem-‚-

61 2485 117 2558 per
136 2477 258 2536 tamen
277 2463 429 2552 cilicet,
454 2477 491 2536 et
511 2484 764 2565 nonnunquam
785 2465 965 2564 insigniter
982 2465 1113 2568 prode·

58 2587 117 2683 rit;
141 2588 215 2662 sed.
231 2588 332 2690 plura
349 2587 434 2662 inde
453 2593 608 2664 mutuari
636 2617 708 2680 non
731 2605 885 2692 oportet,
902 2619 1015 2694 quam
1039 2621 1111 2683 nuf-

55 2710 118 2800 das
141 2741 260 2790 rerum
284 2715 449 2806 notitias,
475 2741 560 2816 quas
581 2716 709 2791 Orator
737 2715 782 2789 ad
807 2743 910 2808 suum
938 2717 1108 2823 loquendi

62 2863 188 2916 norem
213 2839 431 2916 auditoribus
459 2857 646 2945 proponat.

512 3004 543 3103 r.
593 2987 652 3080 26.

103 3153 229 3262 Neque
251 3158 377 3232 acriter
406 3151 667 3259 reprehendere
700 3157 811 3236 ausim
834 3159 1022 3260 homines,
1047 3169 1109 3268 qul
1184 3231 1186 3235 ,
1237 3243 1239 3248 χ

61 3298 304 3382 argumentum
339 3283 482 3383 aliquod
517 3290 722 3382 tractaturi,
755 3293 949 3364 orationem
969 3320 1006 3367 ,a
1038 3299 1111 3369 eim

61 3409 151 3486 cliro
174 3411 222 3484 de
251 3437 292 3483 eo
318 3409 693 3510 hobitam'inrpieiunt
719 3430 754 3488 et
780 3419 931 3514 legun&
956 3431 990 3490 at
1024 3419 1112 3496 illud

60 3545 200 3630 umen,
237 3543 319 3612 cum
341 3541 576 3644 plerumque,
609 3535 821 3642 experientia
847 3539 958 3637 teste,
994 3537 1113 3621 elebo-

60 3664 202 3737 rationis
224 3665 380 3742 libertati
414 3669 558 3762 officiat,
592 3670 709 3754 minus
735 3668 979 3764 suadendum,
1006 3703 1113 3776 quam

60 3783 334 3866 dissuadtndum
361 3811 434 3870 est:
461 3795 523 3871 sed
545 3811 730 3897 postquam
752 3797 831 3896 quis
858 3823 909 3870 ex·
939 3805 1110 3884 concione

53 3912 213 3993 -domum'
229 3914 396 4012 redierit,
425 3923 588 3996 orationis
611 3921 813 4023 lrujustnodi
830 3923 940 3998 lectio
957 3979 966 4015 ,
983 3929 1037 4001 ad
1060 3949 1116 4002 er·

59 4029 152 4118 iores
178 4071 258 4118 suos
280 4045 593 4147 deprehendendos
617 4063 652 4121 et
673 4049 918 4149 corrigendos,
944 4051 1038 4128 haud
1061 4082 1115 4129 ra·

60 4192 96 4239 ro
124 4171 278 4247 multum
305 4176 337 4246 ei
359 4174 481 4250 afferet
506 4177 676 4269 utilitatis.
719 4259 722 4270 ¹
811 4255 815 4270 ‚
843 4233 861 4270 ‚-
918 4263 921 4273 ,
1021 4181 1027 4248 f

663 4307 694 4377 'l'
998 4316 1031 4399 ἓ.
1060 4329 1117 4384 πῆ.

1086 4377 1098 4414 Ι
