2726 5022
145 474 152 484 ,
194 412 298 490 rebus
327 411 537 486 ahOratore
560 415 669 488 Sacro
693 411 964 513 ecgetcseendls:
1027 413 1097 508 :salt

58 615 215 701 niustria,
237 607 522 710 quac'Ecclesiae
546 608 593 681 ita
616 607 728 682 dictae
742 637 755 701 ‚·
777 622 813 682 et
845 610 1038 702 internam,
1062 624 1098 684 et

60 754 226 812 externam
247 734 484 816 conditionem
505 733 589 806 inde
608 733 653 807 ab
677 733 810 833 origiue
836 738 964 837 repetit
985 750 1021 809 et
1042 763 1100 812 cx-

58 865 164 965 ponit.
213 860 332 936 Altera
352 875 468 934 autem
486 886 566 960 pars
591 865 668 963 ejus
686 873 841 933 versatm
860 862 898 934 in
919 862 1023 938 rebus
1041 891 1101 937 an·

57 1004 89 1063 te
110 1011 327 1062 aaarsruna
359 987 482 1085 gestis;
518 987 623 1060 altera
648 986 823 1076 continet,
847 1013 934 1088 quae
966 989 1100 1089 religio·
1191 1073 1194 1080 Ι

57 1139 133 1190 nem
154 1128 189 1188 et
208 1115 407 1188 societatem
427 1126 586 1215 spectant
598 1111 844 1187 Christianam.

392 1267 396 1276 “
503 1269 537 1367 ξ.
588 1265 649 1344 26.

97 1409 274 1499 Historiae
295 1423 399 1521 igitur
421 1423 688 1496 Ecclesiasticus)
710 1419 833 1520 peritia
850 1425 978 1498 Orator
997 1427 1098 1501 Sacer

55 1531 125 1649 lam*
138 1541 273 1625 idcirco
305 1573 422 1623 carere
447 1548 591 1650 nequit,
617 1548 697 1647 quia
728 1551 810 1624 satis
836 1549 958 1624 crebro
982 1550 1027 1626 ad
1045 1575 1100 1628 ar-

56 1691 273 1773 gumentum,
297 1679 396 1780 cujus
426 1653 662 1772 haudexigua
691 1700 771 1775 pars
796 1675 880 1788 hinc
908 1678 1100 1778 repetenda

2 1873 7 1882 ,
56 1816 119 1893 est,
141 1828 207 1904 pro
235 1805 400 1912 concione
430 1797 657 1874 tractandum
679 1814 834 1876 vocatur.
882 1803 1016 1877 Deinde
1041 1805 1100 1879 illa

2 1911 3 1916 ἵ
55 1932 224 2030 insignem
246 1933 278 2003 ei
300 1925 487 2028 praestabit
508 1948 633 2028 opem,
657 1937 697 1999 ut
722 1926 789 2000 sibi
817 1927 961 2030 aliisque
984 1927 1101 2003 homi-

55 2054 150 2128 nibus
174 2057 221 2130 de
246 2053 421 2153 religionis
443 2052 659 2126 Christianae
679 2055 822 2126 veritate
844 2081 883 2128 ac
907 2056 1099 2131 Divinitate

55 2182 194 2256 firmiter
218 2181 434 2283 persuadeat.
482 2171 664 2263 Praelerea
685 2179 790 2279 hujus
808 2179 1011 2282 disciplinae
1028 2197 1101 2256 stu-

59 2303 152 2380 dium
175 2333 260 2380 eum
282 2308 379 2410 quasi
403 2332 511 2378 manu
533 2302 638 2380 ducet
661 2304 706 2377 ad
734 2305 958 2398 hodiernam,
984 2323 1019 2381 et
1037 2309 1102 2382 hu·

53 2438 106 2536 jus
116 2431 295 2534 religionis
316 2434 485 2540 sormamq
503 2445 537 2520 et
551 2433 723 2506 societatis
745 2427 969 2509 Christianae
980 2431 1103 2510 condi-

54 2559 291 2636 tionem-bene
311 2571 348 2630 et
358 2556 605 2663 judicandam,
616 2573 652 2632 et
671 2559 829 2632 concioni
845 2560 1101 2662 explicandam.

49 2661 184 2780 ‘Quibus
215 2684 349 2762 accedit
377 2684 473 2786 quod
504 2685 571 2760 hac
591 2685 630 2758 in
654 2682 839 2788 disciplina
862 2677 1103 2788 exemplorum

54 2809 265 2888 abundantia
292 2825 602 2903 commonstretur,
633 2810 807 2912 quomodo
845 2813 922 2914 quis
959 2811 1104 2886 dicendi

54 2966 196 3014 munere
218 2941 315 3042 fingi
334 2938 482 3029 debeat,
507 2950 547 3010 ut
561 2936 756 3010 auditarum
771 2937 921 3030 animos,
937 2938 1104 3042 adjuvan·

55 3077 86 3138 te
109 3069 207 3158 Deo,
233 3063 402 3158 illustrat,
423 3063 603 3155 emendet,
630 3061 749 3136 s'olatio
774 3077 810 3136 et
833 3065 923 3140 vitae
948 3066 1102 3157 melioris

55 3217 111 3292 spe
136 3205 284 3266 recreet.

513 3348 559 3444 §a
593 3371 651 3447 27·

99 3503 199 3578 Haec
231 3525 314 3578 vero
338 3529 411 3576 non
438 3499 482 3574 de
506 3501 760 3602 qualicunque,
786 3499 849 3572 sed
868 3499 911 3572 de
932 3503 1106 3600 penitiore

56 3653 92 3702 aa
120 3629 340 3727 diligentiore
366 3630 542 3703 Historiae
575 3627 843 3703 Ecclesiastieae
871 3626 986 3702 studio
1017 3633 1107 3702 acci·

56 3754 184 3853 pienda
204 3769 305 3828 sunt:
332 3759 462 3857 quippe
487 3781 555 3857 quo
587 3778 659 3826 uno
680 3778 798 3825 rerum
830 3766 910 3826 ante
936 3768 1108 3854 gestarum

56 3879 222 3980 imagines
253 3865 365 3956 clarae
397 3896 433 3956 et
464 3880 510 3956 ad
541 3881 646 3954 vitam
680 3905 861 3980 expressae
897 3882 1023 3955 aninsis
1052 3905 1109 3952 re·

56 4019 340 4103 praesentantem
370 4032 491 4081 causae
514 4019 616 4108 atquc
637 4017 778 4079 eventus
799 4029 917 4082 earum
937 4027 977 4100 ex
997 4005 1109 4104 caligi-

55 4157 99 4204 ne
120 4149 293 4228 eruuntur
315 4148 350 4208 et
367 4136 404 4208 in
421 4133 536 4210 lucem
554 4131 728 4227 eduntur;
756 4146 791 4208 et
809 4131 938 4229 singula
952 4146 1030 4214 :tam
1052 4132 1109 4203 fir·
1155 4173 1158 4179 ·

604 4261 640 4351 'Q
690 4276 694 4283 ‘
1047 4257 1109 4330 mi⁴
