2726 5022
252 372 325 475 ‘236
373 399 420 477 r.
432 399 504 474 111.
528 395 566 469 o.
585 397 616 467 1.
646 395 685 467 c.
704 397 736 468 1.
785 395 841 468 oe
872 395 1069 492 coaptent
1099 397 1236 499 troque

634 583 737 690 *t-
793 590 848 684 a·

300 755 386 826 Post
414 755 608 828 Literarum
631 751 1146 852 Sacrarum'interpretationem
1168 751 1222 825 hic
1246 754 1276 823 iu

250 889 394 950 'censum
411 859 516 952 'venit
544 879 678 979 Religio
711 879 885 951 muralis
922 890 957 950 et
994 881 1172 953 Divinitas
1191 891 1277 973 pote·
1336 853 1337 856 Ἴ

237 1005 371 1102 ficeta,
399 1011 495 1106 cujus
515 1007 558 1078 ad
571 1005 747 1078 doctrinas
769 1018 804 1076 et
820 1001 1027 1092 narrandas,
1043 1018 1077 1075 et
1092 975 1276 1075 confirman-

249 1131 333 1220 das,
350 1143 387 1204 et
405 1131 450 1204 ad
471 1131 668 1204 auditorum
686 1157 790 1204 usum
806 1129 1028 1230 applicandas
1047 1131 1219 1202 Oratorem
1233 1129 1279 1199 Sa·

251 1285 350 1337 crum
374 1263 411 1333 in
437 1261 643 1333 concionem
668 1257 833 1360 prodire,
859 1281 963 1355 supra
976 1255 1185 1328 ostendimus
1208 1251 1278 1350 (ἦ),

704 1415 735 1513 ρ.
790 1411 846 1484 15.

298 1572 321 1644 J
323 1598 378 1644 arn
414 1594 495 1643 vero
529 1571 558 1642 si
589 1570 666 1670 quis
697 1565 933 1645 doctrinarum
962 1568 1099 1652 illarum
1122 1565 1280 1666 imperitus
1336 1557 1337 1574 ¹

168 1769 172 1778 ,
250 1711 324 1788 est,
351 1697 447 1768 hunc
471 1721 527 1768 eas
555 1720 622 1768 neo
651 1722 716 1796 pro
746 1696 911 1770 concione
940 1719 1099 1781 narrare,
1123 1719 1185 1764 uec
1213 1717 1280 1764 coo·

248 1827 413 1913 firmare,
436 1847 551 1924 neque
580 1820 625 1894 ad
646 1815 844 1895 auditorum
867 1848 971 1894 usum
999 1820 1170 1921 applicare
1195 1841 1278 1918 posse

249 1953 425 2052 sequitur;
451 1951 519 2022 nisi
541 1947 647 2021 libros
670 1948 736 2022 hoc
760 1962 1003 2048 argumentum
1023 1959 1206 2020 tractantes
1221 1967 1277 2016 scr·

247 2077 363 2150 viliter
381 2074 574 2148 describatt
596 2101 665 2177 quo
682 2089 718 2146 et
746 2075 1082 2174 multum'temporis
1103 2073 1221 2144 frustra
1237 2083 1274 2141 te·

245 2207 356 2292 ritur,
381 2216 416 2274 et
437 2199 579 2275 dicendi
605 2191 768 2292 libertas,
794 2202 932 2274 Oratori
958 2201 1064 2272 Sacro
1087 2197 1276 2283 necessaria,

244 2328 456 2430 impeditur,
481 2344 516 2401 ct
540 2333 615 2430 ipsa
637 2305 788 2432 denique
806 2331 912 2418 oratio
933 2327 1049 2400 tenuis
1075 2338 1110 2422 et
1129 2299 1220 2396 exilio
1235 2322 1276 2416 ei·

246 2459 373 2530 ficitur.

602 2545 606 2552 ’
689 2585 720 2682 5.
777 2581 832 2654 ιθ.

293 2739 372 2815 Alia
391 2739 534 2839 insuper
559 2740 649 2813 mala
673 2766 716 2812 cx
739 2740 805 2812 hac
829 2739 1069 2820 doctrinarum
1095 2736 1140 2810 ad
1159 2730 1277 2830 religio·

166 2961 170 2972 ι
244 2890 325 2936 nem
358 2868 608 2964 pertinentium
650 2868 826 2966 imperitia
862 2868 1044 2954 oriuntur;
1089 2861 1181 2938 haud
1212 2883 1277 2934 raro
1336 2841 1337 2848 ἵ

243 3015 372 3090 nempe
402 2985 542 3064 dicendi
571 3008 770 3092 argumenta
800 2995 873 3093 peti
904 3017 946 3063 ex
969 2990 1068 3064 libris
1089 2989 1214 3062 nullius
1232 2979 1277 3062 vei
1336 3039 1337 3086 3

241 3118 385 3214 exiguae
402 3117 485 3215 fidei
507 3133 542 3190 et
563 3121 786 3212 auctoritatis,
813 3132 886 3212 aut,
905 3117 1044 3220 quisihi
1065 3116 1200 3212 aliunde
1211 3112 1278 3186 sub

193 3234 198 3245 ’
243 3241 372 3340 sidium
396 3261 558 3345 quaerat,
588 3273 624 3318 se
650 3248 765 3346 ipsum
791 3245 949 3332 frustari,
977 3269 1127 3345 suaeque
1151 3240 1278 3316 tandem

245 3369 402 3442 fortunae
425 3371 599 3472 relinqui:
626 3373 720 3446 unde
737 3373 892 3446 accidere
912 3369 1022 3459 solet,
1043 3385 1083 3442 ut
1097 3373 1217 3444 Orator
1233 3369 1282 3438 Sa·

241 3521 300 3566 cer
322 3498 360 3567 in
382 3498 552 3587 dicend0,
579 3527 673 3572 nunc
699 3524 812 3570 meras
842 3523 949 3595 nugas
976 3511 1175 3595 expromat,
1198 3518 1278 3582 nunc

243 3644 377 3724 errores
406 3625 512 3696 etiam
537 3628 755 3730 turpissimos
778 3624 983 3700 committat·
1021 3625 1027 3637 ’

1153 3725 1184 3808 §-
1234 3744 1279 3817 17,

244 3917 368 3974 Instituit.
388 3919 511 3992 Interpr.
531 3919 616 3972 NT.
636 3915 905 3993 Part.111.cap.10.
924 3926 954 3970 et
970 3937 1091 3988 trouu,
1111 3929 1282 3972 euronotus

244 4023 281 4058 cr
292 4026 378 4060 issu
396 4007 500 4062 Pitiicl.
520 4010 600 4064 Sacr.
618 4010 662 4066 iris
681 4009 846 4083 temporibut
857 4007 1028 4064 accommod.
1047 4011 1126 4064 Tcm.
1137 4007 1172 4062 II.
1186 4005 1251 4062 Sect.
1263 4021 1281 4074 a,

182 4129 184 4136 ›
263 4099 363 4148 noos
406 4133 413 4148 .
746 4137 747 4140 ,

241 4111 260 4167 p
281 4183 336 4253 (Τ)
365 4111 440 4236 (ἐξῆ.
452 4182 473 4238 I.
493 4203 551 4262 cap.
566 4206 588 4243 n.
610 4189 631 4260 §.
648 4208 676 4242 ra
690 4205 749 4261 sqq·
777 4188 850 4242 Part.
863 4187 898 4241 ΙΙ.
917 4204 975 4260 cap.
990 4188 1013 4240 3.
1034 4189 1059 4262 ἓ.
1071 4189 1102 4249 48
1121 4203 1180 4258 sqq.
