2818 5022
384 615 643 700 CAPUT
709 619 765 699 11.
926 608 928 616 ’

101 861 149 934 De
169 849 272 930 rebus
297 851 415 927 Sacris
438 848 652 952 etquidem
679 845 887 926 Christianis
910 845 957 926 ab
985 851 1069 927 θνα·
1203 847 1205 860 ’

354 991 429 1054 tore
452 977 563 1053 Sacro
589 974 795 1052 mondo.
952 1007 955 1014 ’

520 1487 565 1586 §.·
607 1511 637 1559 r.

73 1627 372 1759 Quemadmodum
401 1643 559 1716 Oratoris
585 1641 681 1718 Sacri
701 1633 855 1735 officium
879 1645 919 1717 in
945 1667 987 1716 eo
1015 1639 1115 1744 posi·

73 1788 133 1847 tum
152 1789 222 1868 est,
248 1787 292 1846 ut
306 1771 459 1845 oratione
483 1769 607 1862 soluta,
626 1784 795 1872 perpetua
810 1785 847 1843 et
869 1768 1030 1873 populari
1046 1795 1112 1870 pro

75 1903 215 1978 concione
233 1899 354 1990 dican
379 1899 428 1972 ita
444 1921 500 1972 ree
519 1897 648 1972 Sacrae
669 1909 706 1970 et
725 1897 872 1997 quidem
887 1895 1110 1972 'Christianae

76 2025 160 2102 abeo
180 2025 389 2104 tractandas
412 2047 511 2116 csse,
536 2048 632 2100 nunc
658 2021 843 2098 ostendere
864 2021 1009 2124 juvabit

425 2219 432 2237 .
519 2179 551 2279 §.
601 2205 636 2252 2„

118 2335 234 2411 Rerum
257 2339 454 2411 Sacrorum
480 2331 584 2408 titulo
612 2331 821 2432 insignimus
845 2355 988 2426 omnes,
1022 2359 1113 2436 quac

79 2458 115 2533 ad
136 2463 331 2563 religionem
356 2464 554 2564 pertinent,
577 2455 617 2532 id
639 2469 714 2552 cst,
740 2481 827 2562 quse
855 2458 901 2532 ad
929 2460 1112 2556 homines,

79 2601 113 2660 ut
126 2590 248 2688 pietatis
284 2603 320 2662 et
341 2589 481 2664 virtutis
509 2587 656 2694 studiosi
684 2588 777 2679 sint,
803 2587 1044 2662 informandos
1075 2601 1113 2662 et

80 2715 330 2793 corroborandos
358 2715 566 2789 inserviunt.
622 2685 666 2786 In
698 2711 893 2788 bisantem
921 2712 1115 2789 tractandis
1206 2723 1209 2727 ’

82 2837 238 2916 Oratorem
261 2843 407 2916 Sacrum
429 2843 561 2917 versari
589 2831 745 2931 debere,
778 2861 820 2914 ex
849 2839 924 2941 ipsa
946 2844 1023 2942 ejus
1051 2867 1113 2944 ap-
1205 2833 1207 2836 ’

82 2963 243 3062 pollutione
262 2971 347 3044 satis
366 2967 565 3044 luculenter
583 2973 742 3071 apparet.

525 3125 555 3224 §.
607 3123 643 3200 3.

121 3273 224 3380 Atque
243 3282 295 3354 sic
314 3279 441 3352 Orator
463 3279 568 3353 Sacer
585 3276 804 3380 provinciam
824 3271 933 3352 lrabet
946 3277 1015 3354 sibi
1032 3297 1114 3381 pto⁴

84 3401 177 3495 prium
196 3417 230 3480 et
246 3405 479 3508 peculiarem,
504 3407 603 3508 cujus
626 3403 968 3482 administrationes
992 3407 1126 3480 ceteris·
1169 3453 1174 3464 ·

85 3529 227 3605 omnibus
247 3533 478 3632 distinguitur
506 3531 719 3624 oratoribus,
754 3533 886 3636 qnippe
911 3535 972 3636 qni
1003 3534 1043 3610 in
1066 3530 1126 3607 de·

87 3654 180 3730 condo
198 3660 241 3735 de
263 3659 370 3735 rebus
394 3655 553 3734 civilibus
581 3671 774 3734 versantur.

97 3939 99 3946 g
532 3811 562 3912 ι
612 3814 650 3910 ι.

46 3959 48 3984 '
126 3961 240 4070 Neque
251 3963 316 4045 hac
335 3984 453 4046 tamen
474 3965 700 4045 distinctione
715 3965 761 4046 alr
785 3986 906 4048 eorntn
922 3965 1123 4072 provincia,

89 4091 198 4194 uibus
209 4125 337 4174 munus
348 4097 394 4175 de
413 4095 518 4173 rebus
530 4095 690 4176 civilibus
707 4098 853 4176 dicendi
877 4097 1034 4176 othum
1054 4111 1127 4188 est,

1071 4247 1128 4312 fei
