2790 5018
273 447 347 520 noc
420 441 466 513 r.
483 440 558 514 ιιι.
582 436 619 514 s,
633 437 688 510 ιι.
715 437 754 512 c.
768 435 800 510 ι.
849 387 1236 530 praepararas,

272 643 349 744 quis
377 622 645 714 inclusionem
680 645 845 719 vocatur,
878 629 1053 706 elaborare
1086 629 1235 710 affinium
1263 639 1309 706 est

272 763 453 868 nunquam
477 764 544 836 nisi
571 763 663 860 gravi
688 762 740 866 de.
755 785 861 838 causa
883 757 1113 832 omittendum
1136 756 1222 858 (†)
1342 799 1344 807 s

276 997 282 1034 .·
730 923 765 1022 t·
790 1017 794 1026 ,
824 946 891 1022 n.

275 1135 279 1144 .
325 1087 439 1182 Atque
461 1082 547 1154 haec
572 1078 735 1178 orationis
759 1075 970 1170 elaboratio,
998 1077 1050 1152 uti
1075 1073 1119 1152 ad
1136 1074 1261 1174 regulas
1281 1075 1313 1148 in

277 1211 455 1311 'superiore
495 1208 599 1306 hujus
634 1204 716 1280 libri
755 1219 853 1306 parte
888 1207 1081 1306 proposims
1117 1202 1313 1279 initiorenda

276 1352 350 1425 ost,
374 1336 425 1406 ita
451 1335 505 1406 his
539 1348 698 1432 quatuor
728 1329 914 1406 omatibus
947 1330 1114 1434 distingui
1144 1331 1262 1423 debet,
1283 1343 1316 1402 nt

277 1479 316 1536 et
340 1463 567 1560 tenrpestira,
594 1474 630 1532 ct
656 1461 845 1552 continua,
882 1473 918 1532 et
947 1458 1079 1552 libera,
1113 1472 1150 1532 et
1177 1457 1316 1556 religiosa

277 1591 336 1668 sit
626 1653 629 1660 Δ
1095 1584 1098 1592 ’

741 1721 772 1806 5.
828 1716 884 1788 18.

333 1878 588 1978 Tempestioam
614 1875 762 1949 dicimus
792 1875 967 1950 Orationis
991 1875 1274 1961 elaborationem,
1295 1867 1319 1942 si

284 2005 393 2077 serius
413 2027 487 2073 nou
513 2003 722 2102 suscipitur,
749 2029 855 2102 quam
881 2001 927 2076 ad
956 2019 1044 2104 opus
1074 2016 1204 2076 mature
1226 1993 1320 2072 alrsol·

284 2129 437 2207 rendum
469 2155 608 2202 necesse
642 2143 714 2204 est:
741 2128 836 2230 qnod
881 2156 962 2202 cum
986 2155 1092 2202 nemo
1113 2155 1184 2200 non
1211 2123 1321 2198 intelli·

280 2259 357 2360 git,
384 2285 448 2358 per
477 2284 513 2330 se
538 2258 796 2362 commendari,
825 2272 900 2334 turn
923 2255 1050 2332 Orator
1075 2239 1176 2338 Sa'cer
1197 2249 1321 2330 illudet

286 2389 425 2488 muneri
450 2409 512 2460 suo
533 2385 639 2460 debet
667 2399 703 2458 et
725 2386 890 2463 concioni
920 2383 989 2460 sibi
1017 2382 1251 2460 demandatae.

663 2591 665 2596 ·
748 2569 780 2667 §-
836 2594 890 2668 19·

339 2725 409 2817 Qui
430 2725 525 2796 enim
549 2722 820 2796 elaborationem
848 2728 1052 2826 tempestive
1079 2721 1324 2827 aggrediuntur,

289 2877 362 2925 non
386 2853 497 2924 solum
519 2853 791 2927 omnem-animi
820 2853 1048 2924 attentionem
1072 2855 1110 2926 in
1136 2878 1176 2924 eo
1198 2845 1326 2922 colloca·

282 2987 329 3052 're
353 2993 518 3078 possunt,
546 2993 607 3069 ut,
633 2977 745 3050 aliena
768 2979 909 3078 quaevis
930 3007 948 3050 a
969 3005 1070 3052 causa
1091 3007 1152 3053 sua
1173 2987 1328 3058 arcentes,

282 3103 396 3180 'rebus
421 3105 604 3204 verbisque
624 3117 767 3176 utantur
796 3107 828 3176 ei
857 3082 1148 3200 accommodatis;
1174 3102 1233 3176 sed
1259 3116 1329 3173 tem·

281 3227 386 3334 ¹poris
416 3233 521 3304 etiarn
547 3233 614 3304 sibi
647 3245 790 3305 sumunt
825 3233 998 3330 spatium,
1030 3233 1126 3335 quod
1159 3231 1330 3334 requiratur

230 3371 232 3378 '
294 3358 579 3449 adorationem,
606 3375 680 3432 tum
708 3362 748 3431 in
783 3359 964 3460 aequales,
992 3375 1163 3460 quantum
1191 3371 1253 3430 res¹
1269 3355 1329 3454 ipsa

215 3525 220 3533 ¹
282 3467 447 3588 patitur,
474 3499 589 3584 partes
610 3483 858 3585 digerendam,
884 3500 959 3558 tum
982 3485 1240 3561 transitionibus
1258 3477 1332 3580 aptis

281 3612 534 3716 'jungendam,
559 3627 652 3701 tum,
672 3613 859 3685 memoriae
876 3641 976 3686 causa
989 3673 998 3703 ,
1013 3617 1132 3715 paucis
1151 3611 1278 3714 paginis
1290 3604 1334 3678 ni-

191 3793 196 3801 ,
296 3739 440 3842 tideque
462 3739 652 3838 scriptione
665 3736 1049 3839 comprehendendam:
1076 3765 1118 3811 ex
1132 3736 1333 3811 festinatione

1269 3885 1335 3932 con·

317 4059 400 4130 Ἢ)
427 4057 501 4115 Part.
520 4029 559 4115 ll.
582 4067 642 4138 cap.
661 4081 682 4117 1.
710 4065 724 4138 5
749 4069 779 4130 ¹4
799 4082 858 4138 sqq.
896 4059 949 4116 Cli.
980 4063 1109 4124 Examen
1126 4067 1161 4122 de
1180 4065 1209 4120 la
1231 4060 1336 4120 muniere

301 4159 353 4205 etc.
382 4171 409 4226 p.
429 4153 463 4223 96
486 4171 546 4224 sqq,
581 4171 696 4224 sanus,
722 4153 927 4229 Paragraplren
951 4147 1001 4210 etc.
1028 4175 1059 4234 p,
1075 4159 1125 4228 26,
1146 4175 1188 4226 η.
