2726 5022
239 423 309 498 252
367 426 413 496 r.
432 424 504 497 111.
536 425 576 498 a.
587 425 620 496 1.
646 425 687 498 c.
700 425 753 498 11.
802 425 860 498 oe
884 427 1001 502 suano
1020 433 1064 519 ,a
1085 433 1162 528 ipsa

496 613 514 662 ⁴
709 631 739 715 o
790 643 827 720 9·

284 776 353 851 Sed
376 802 418 850 ex
442 775 556 850 studio
581 775 618 850 in
640 779 715 880 ippa
738 789 811 849 arte
838 775 983 848 oratoria
1005 776 1287 876 ponendthaiid

237 929 379 1004 magnos
401 905 517 1004 capiet
540 901 690 992 fructus,
713 903 779 1004 qui
804 895 1063 977 iilretoricorum
1090 909 1289 1009 praeceptis

238 1055 378 1134 operam
398 1028 536 1104 dedisse
550 1030 632 1104 satis
652 1027 776 1119 habet,
800 1053 914 1131 neque
933 1031 1098 1125 exempla
1119 1033 1289 1135 eloquar.

236 1165 305 1234 tiae
326 1172 458 1236 attente
476 1157 767 1257 oomtemplatur:
791 1152 905 1256 quod,
927 1157 982 1228 uti
1006 1157 1043 1228 in
1063 1161 1157 1237 omni
1180 1159 1287 1238 disci

236 1286 333 1386 plina
359 1283 495 1385 regulae
520 1282 691 1385 exemplis
716 1281 955 1372 illustrantur,
980 1281 1030 1354 sic
1052 1282 1100 1366 ad
1125 1285 1288 1364 Oratoria

237 1413 333 1487 Sacri
354 1426 471 1512 partes
488 1410 579 1484 bene
607 1407 797 1513 explendas
823 1433 928 1508 quam
948 1407 1098 1498 maxime
1125 1435 1289 1490 necessa-

235 1541 328 1616 rium
345 1553 408 1616 est.
462 1591 492 1644 3*
944 1617 947 1624 ,

688 1666 718 1750 §-
755 1685 827 1746 ·1o·
944 1683 986 1750 ,.’

213 1831 247 1859 ‘·
283 1826 452 1927 Exempla
481 1824 717 1950 eloquentiae,
752 1819 796 1894 ad
823 1826 1154 1926 contemplationem
1181 1823 1286 1898 nobis

235 1955 426 2053 proposita,
452 1951 600 2048 duplico
617 1953 753 2050 gencrir
777 1966 884 2040 snnt;
907 1978 989 2025 nam
1006 1979 1046 2025 ea
1062 1976 1188 2052 capere
1205 1977 1288 2052 pos·

236 2103 375 2170 sumus,
400 2078 454 2153 vel
475 2104 517 2150 ex
534 2077 634 2151 libris
641 2053 798 2151 'virorum
817 2057 1008 2170 clarorum}
1031 2079 1092 2178 qui
1108 2079 1145 2150 in
1165 2077 1284 2152 lucem

236 2205 321 2290 editi
341 2219 442 2297 sunt,
459 2205 633 2306 legendi23
654 2205 710 2282 rel
729 2231 771 2278 ert
792 2203 999 2295 oratoribus,
1023 2207 1084 2308 qui
1102 2206 1140 2280 in
1160 2205 1285 2282 dicen·

235 2331 282 2410 do
304 2359 370 2434 pro
388 2334 554 2412 concione
580 2345 784 2426 versantur,
811 2328 1006 2410 audiendis.
1055 2385 1058 2393 ..

673 2499 721 2596 ξ.
775 2521 828 2568 11.

279 2601 376 2726 Inter
404 2651 508 2726 libros
538 2654 699 2727 Virorum
720 2653 925 2742 Clarorum,
958 2651 1018 2754 qui
1046 2651 1091 2726 ad
1124 2655 1283 2756 exempla

222 2779 444 2880 eloquentiae
464 2779 633 2882 capienda
653 2781 719 2879 legi
746 2778 895 2866 debent,
919 2778 1073 2879 primum
1104 2780 1179 2852 sine
1213 2779 1282 2853 du-

230 2903 288 2976 bio
308 2903 424 2979 locum
451 2921 622 3010 occupant
646 2909 783 2990 Literae
802 2903 951 2979 Sacrae:
977 2902 1034 2976 his
1053 2906 1148 2978 enim
1166 2906 1280 2982 literis

230 3058 302 3104 non
323 3031 438 3132 solum
459 3033 572 3106 omnis
594 3032 793 3120 doctrinae,
819 3030 863 3104 ab
889 3030 1035 3104 Oratore
1064 3031 1166 3103 Sacro
1193 3059 1279 3106 con·

118 3189 124 3196 ·
230 3159 322 3232 cioni
351 3157 559 3247 tradendae,
585 3159 755 3260 principia
779 3171 813 3230 et
833 3157 1002 3231 elementa
1029 3159 1277 3254 continentur;

229 3285 291 3358 sed
313 3312 504 3387 perennem
525 3289 627 3359 etiam
645 3289 686 3359 iis
706 3300 740 3358 et
758 3285 974 3360 uberrimum
993 3310 1091 3358 verae
1116 3285 1281 3388 eloquen-

227 3416 292 3486 tiae
312 3415 424 3486 inesse
455 3413 609 3502 fontem,
635 3428 705 3486 tam
728 3423 863 3486 c'ertum
889 3425 957 3502 est,
982 3425 1022 3483 ut
1042 3411 1131 3486 illud
1151 3439 1278 3518 negare

229 3553 401 3613 extremae
420 3541 508 3614 soret
527 3539 763 3643 impudentiae
787 3541 879 3639 (†).
1213 3517 1216 3522 Ι

686 3700 717 3798 ς.
771 3724 826 3773 12.

276 3861 441 3959 Inprimis
463 3861 592 3935 Vatum
617 3847 823 3934 Divinarum
844 3872 879 3931 et
896 3859 1148 3954 Apostolorum
1176 3888 1277 3936 tneo

336 4007 341 4020 ’
368 4005 369 4012 ’
1225 3990 1278 4061 le·

183 4173 185 4178 ¹
264 4183 319 4254 Η)
343 4181 490 4241 Scaairr
502 4226 510 4256 ‚
528 4203 555 4262 p.
573 4187 620 4239 115
639 4200 699 4256 sqq.
726 4183 819 4255 etqui
837 4181 920 4238 abeo
940 4181 1099 4237 excitantur.
