2774 5022
231 354 295 464 7⁶7
356 353 480 440 Bali.
502 347 601 430 Μ
651 344 709 430 m
731 347 994 430 cottanae
1021 359 1185 444 macria.

225 560 373 660 ejusqm
404 551 591 630 utilitatem
625 549 912 652 amplificandam
943 552 1095 638 mamma
1127 556 1296 634 causare

226 695 397 788 possunt;
423 682 475 756 sic
498 705 518 753 o
545 679 719 754 contrario
745 680 885 770 omnia,
910 677 1040 780 quibus
1069 679 1287 761 auditoresa

226 814 395 888 memoria
417 831 537 887 rerum
560 807 841 906 gravissimarum
864 807 923 908 pie
951 820 988 879 et
1011 805 1170 906 religiose
1193 809 1286 886 cele·

226 938 363 1016 branda
383 935 647 1027 alienabuntur,
673 933 871 1032 longissime
898 935 1011 1008 arceri
1034 930 1176 1010 debent.

685 1117 715 1217 s·
771 1137 828 1220 17·

213 1384 216 1390 ,
275 1307 421 1408 Itaque,
446 1303 603 1406 quamvis
632 1297 727 1374 haud
746 1322 855 1401 pauca
880 1297 1080 1376 Literarum
1102 1300 1290 1380 sacram

227 1424 326 1526 loca,
351 1458 500 1535 quorum
524 1430 683 1502 tractatio
703 1425 829 1532 diebus
850 1427 946 1500 festis
968 1429 1096 1501 oratori
1114 1431 1286 1528 praescri·

228 1559 347 1652 bitur,
385 1557 487 1634 valde
520 1553 675 1629 difficilia
707 1566 810 1642 sunt,
847 1553 893 1627 ad
921 1551 1142 1626 difficultates
1167 1568 1287 1630 tamen

226 1685 401 1762 tollendas
424 1685 594 1760 brevitate
611 1679 784 1754 utendum
812 1695 882 1772 est,
906 1693 947 1752 ut
965 1679 1006 1752 in
1028 1678 1135 1753 rebus
1158 1685 1288 1780 gravis·

229 1815 344 1905 simis,
380 1839 527 1916 quarum
551 1835 653 1883 causa
674 1808 836 1882 homines
862 1804 909 1878 ad
931 1801 1034 1877 aedes
1067 1831 1182 1882 sacras
1203 1834 1287 1883 con·

226 1953 434 2044 gregantur,
459 1933 673 2039 explicandis
698 1937 812 2009 omnis
836 1959 918 2007 cura
940 1945 976 2004 et
999 1929 1181 2030 diligentia
1195 1938 1289 2036 poni

226 2071 358 2172 possit:
384 2065 532 2166 tempori
548 2090 631 2138 vero
652 2061 822 2136 inservire
841 2059 1042 2159 negligunt,
1068 2061 1182 2161 quiin
1204 2059 1287 2134 lon-

227 2199 339 2296 giores
370 2204 560 2266 excurrunt
593 2187 779 2292 verborum
808 2188 1132 2288 interpretationes,
1161 2179 1285 2289 quales

227 2317 285 2398 rel
303 2322 576 2424 permittuntur,
602 2315 658 2388 vel
685 2315 929 2414 requiruntur,
957 2311 1020 2386 ubi
1045 2341 1146 2389 causa
1165 2319 1288 2390 minus

203 2442 205 2447 ’
228 2439 322 2522 clara
344 2461 380 2520 et
407 2458 548 2544 augusta
575 2467 642 2544 pro
667 2443 835 2514 concione
861 2441 983 2538 agitur,

686 2623 718 2721 t·
770 2583 830 2698 18?
1031 2561 1039 2718 ζ

217 2860 222 2870 .
274 2807 441 2890 Similiter
462 2809 567 2884 officii
596 2811 650 2883 sui
678 2808 900 2886 immemores
922 2803 1034 2902 sunt,
1053 2812 1113 2912 qui
1139 2802 1287 2884 monitis

142 3007 145 3012 .
227 2930 489 3046 praeceptisque
512 2935 710 3034 vulgaribus
734 2935 881 3008 orationi
910 2962 1009 3030 suae,
1026 2937 1101 3010 'vel
1128 2939 1288 3010 inseren-

126 3165 129 3172 Ι
227 3068 307 3159 dis,
331 3064 387 3154 ‚vel
409 3061 660 3165 subjiciendis,
686 3075 721 3134 et
752 3061 820 3170 sibi
848 3075 987 3163 tempus
1002 3066 1169 3137 'auferunt
1197 3091 1286 3136 cond

228 3171 366 3271 cionem
390 3192 526 3291 copiose
556 3188 600 3260 de
623 3189 666 3262 iis
689 3185 922 3279 admonendi,
948 3215 1034 3290 quae
1068 3191 1143 3264 dies
1174 3192 1289 3265 festus
1380 3201 1382 3210 ’

225 3340 394 3425 tanquam
423 3316 592 3420 peculiari
613 3322 691 3416 iure
726 3313 793 3389 sibi
821 3315 997 3416 postulat,-
1038 3329 1074 3389 et
1105 3315 1289 3415 auditores
1380 3291 1382 3322 ⁴

222 3479 306 3530 suos
329 3475 402 3524 non
423 3459 561 3522 tautum
587 3445 624 3518 in
647 3443 847 3545 opinionem
873 3442 1069 3534 inducunt,
1101 3431 1195 3518 inter
1217 3471 1286 3518 an—

225 3577 452 3668 niversariam
477 3567 598 3674 populi
627 3571 927 3669 congregationem
952 3568 998 3642 ad
1026 3568 1124 3660 diem
1151 3573 1287 3650 festum

223 3703 425 3806 agendum,
458 3712 494 3772 et
521 3701 725 3775 concionem
754 3722 887 3772 sacram
911 3701 1060 3800 cujusvis
1092 3697 1289 3774 hebdomad

223 3833 285 3932 ,dis
307 3854 431 3932 parum
450 3821 507 3898 vel
526 3823 617 3898 nihil
641 3827 829 3918 interessc;
854 3824 1037 3900 sedetiam
1058 3825 1290 3926 impediunt,

227 3959 412 4062 quominus
431 3955 467 4028 vi
486 3949 545 4024 illa
564 3949 750 4050 singulari,
775 3977 862 4052 quae
886 3949 932 4024 ad
950 3952 1064 4026 studia
1084 3955 1221 4055 pietatis
1246 3951 1289 4028 et

1210 4105 1290 4154 vu·-
