2736 5018
244 429 325 521 264·
375 432 422 502 r.
437 429 507 504 111.
533 431 571 504 s.
591 433 624 504 r.
654 429 769 506 ou.-
786 447 791 456 ·
809 432 868 510 oe
890 438 1010 518 seara
1032 441 1072 518 tn
1098 442 1175 535 asa

243 631 336 720 rint,
362 651 435 702 uon
451 605 580 718 Semel,
606 640 668 702 aut
692 627 774 721 bis;
798 629 862 706 sed
885 631 1079 708 identidem
1104 636 1302 738 periculum

240 759 364 868 faeere.
383 769 524 856 oportet
554 754 758 858 hujusmodi
789 761 963 846 orationis
992 758 1038 854 ad
1070 763 1303 848 Homiletieae

238 895 447 992 ereaturam,
474 883 504 956 si
537 883 650 984 miuus
678 881 944 976 elaborandae,
983 899 1019 966 at
1051 903 1156 990 certe·
1174 891 1304 970 adure

132 1053 136 1064 ·
244 1007 439 1104 brendam,
468 1097 472 1104 Ι

709 1138 740 1236 ς.
792 1059 851 1213 ai.

254 1334 258 1342 »
288 1302 335 1372 At
357 1319 461 1372 uerno
478 1291 958 1391 sihi‘tamen·saris·habeat‚
984 1299 1305 1402 quamplurimum

241 1428 393 1502 seribere
408 1449 424 1517 ‚·
441 1419 515 1499 sed
531 1431 652 1501 omnia
682 1453 794 1526 quam
827 1422 1087 1527 diligentissime
1114 1429 1303 1506 scribenda

240 1569 333 1630 sunt.
385 1549 692 1647 Quemadmodum
714 1557 820 1630 enim·
844 1557 882 1629 in
916 1557 987 1628 vita
1019 1553 1171 1629 humana
1184 1614 1193 1645 ‚
1208 1573 1211 1578 '
1228 1583 1303 1658 quo

158 1699 159 1706 ’
240 1681 327 1783 quid
352 1683 497 1785 majoris
525 1681 628 1788 pretii
663 1693 740 1772 est,
758 1707 815 1755 ἐο
849 1685 978 1782 majore
1011 1679 1131 1762 labore
1159 1697 1304 1784 partum

240 1806 451 1898 esse,solet;
478 1808 528 1881 sie
550 1806 729 1900 scribendi
759 1809 940 1908 negotium
971 1805 1016 1881 ad
1039 1807 1223 1882 Oratorem
1246 1811 1305 1882 in·

240 1931 464 2024 formandum
490 1932 585 2016 haud
616 1935 665 2008 ita
689 1960 858 2031 magnum
882 1931 1038 2026 utilitatis
1063 1934 1214 2007 fructum
1247 1937 1304 2010 af-

237 2061 290 2134 fer
291 2075 347 2150 et
337 2062 441 2180 ‚uisi
468 2046 587 2134 auctor
611 2073 686 2138 tum
710 2060 755 2134 ad
778 2085 832 2132 res
853 2056 1119 2154 excogitandas,
1147 2073 1238 2133 tum
1250 2063 1301 2136 ad

238 2151 355 2272 veriiai
370 2185 584 2268 invenienda
621 2201 656 2260 et
687 2182 906 2329 disponenda
940 2210 1084 2257 omnem
1112 2189 1221 2262 animi
1245 2203 1304 2262 at-⁶

240 2299 436 2388 teiationem
466 2312 675 2387 adhibuerit.
717 2315 780 2386 Et
811 2312 872 2413 qui
902 2308 1098 2384 identidem
1127 2315 1303 2389 nonnulla

241 2419 381 2519 sordide
400 2469 440 2515 ae
457 2443 579 2521 vitiose
602 2440 754 2514 seribere
777 2461 851 2518 non
876 2450 1030 2528 veretur,
1056 2440 1302 2537 gravissimum

189 2569 197 2584 ⁶
240 2558 334 2678 subit
369 2569 562 2684 periculum
599 2563 866 2656 committendi,
901 2578 966 2636 ut
977 2565 1090 2637 omnia
1127 2565 1301 2661 tandem,

241 2723 329 2800 quae
364 2701 403 2770 in
445 2697 600 2776 chartam
637 2693 900 2796 conjiciuntur,
936 2690 1096 2765 sordibus
1135 2692 1301 2795 vitiisque

241 2819 396 2897 scateaut
417 2823 510 2925 st).

700 2947 730 3056 4.
780 2945 839 3044 39.

261 3079 264 3096 ¹
287 3085 421 3186 Necui
441 3124 558 3183 autem
579 3091 1301 3206 ooecumsortepartusrecentis'studium

240 3235 400 3312 fraudem
428 3237 551 3328 faciat,
588 3232 760 3335 quidquid
788 3235 958 3336 scriptum
992 3247 1044 3306 est
1080 3233 1300 3336 aliquamdiu

241 3355 449 3466 seponatur,
487 3374 567 3466 post
599 3362 765 3462 temporis
801 3385 882 3434 uero
909 3345 1134 3436 intervallum
1158 3361 1300 3466 relega-

241 3505 320 3581 tur,
356 3504 392 3562 et
425 3515 545 3563 severo
578 3489 705 3561 iterum
740 3487 935 3590 iterumque
969 3487 1098 3588 judicio
1130 3487 1301 3594 subjicia-

116 3695 119 3702 Δ
241 3631 316 3709 tur,
343 3631 382 3688 ut
411 3630 531 3689 auctor
549 3639 683 3687 errores
709 3639 792 3689 suos
817 3615 890 3716 ipse
911 3610 1214 3710 animadvertere,
1240 3634 1300 3692 ata

164 3795 167 3802 .
240 3771 308 3846 que
347 3733 515 3844 paulatim
551 3739 603 3816 ad.
639 3753 860 3842 praesentem
900 3766 1001 3813 usum
1047 3741 1195 3816 scribere
1236 3747 1300 3818 di-

238 3857 353 3969 soat³(
366 3871 422 3966 ⁴⁸).

1178 3973 1210 4070 t·
1236 3977 1299 4078 o.

253 4129 924 4206 [4)Ουιητιι.1.“ο.ιιιιι,ῃ.,383
943 4136 1002 4198 384

272 4226 308 4308 (*
322 4223 529 4294 )Qurrcrru.
558 4217 617 4274 tc
644 4223 780 4292 oapi
