2860 5022
286 401 351 462 m
580 389 610 462 P
635 389 666 462 R
689 387 721 469 Α,
746 389 779 464 Ε
803 390 833 464 F
857 389 889 462 Α
914 391 947 466 Τ
970 393 989 466 1
1012 393 1057 470 0.

291 582 419 678 Mitto,
454 583 549 686 quod
581 585 790 686 Theologiae
823 585 1037 692 aliarumque
1072 587 1344 696 disciplinarum

15 711 17 786 j
149 784 160 800 x
291 708 494 784 cultoribus.
509 737 692 794 commune
717 726 793 814 est,
816 712 886 788 hoc
915 717 1083 792 sermonis
1109 721 1228 800 Latini
1251 726 1376 825 usu,

286 863 400 910 unum
416 838 630 941 eltemmque
653 853 689 912 et
705 837 841 939 plures,
866 841 928 941 qui
950 866 993 914 ex
1014 843 1152 923 meliori
1174 848 1251 927 luto
1267 854 1344 930 lor·

286 963 374 1036 mati
404 964 501 1057 sint,
535 966 749 1068 praeparari¹
763 963 808 1038 ad
837 965 1061 1046 elaborandas
1098 1001 1172 1050 non
1203 991 1346 1056 tantum

286 1085 537 1190 disputationes
563 1092 802 1184 Academicos,
827 1091 890 1166 sed
915 1097 1123 1196 scriptiones
1152 1103 1258 1180 etiam
1282 1134 1344 1184 au·

285 1218 390 1290 otoris
412 1244 543 1292 nornen
564 1218 610 1292 ad
633 1219 872 1320 posteritatem
896 1220 1099 1320 perlaturos.

329 1341 504 1434 Pulchre,
529 1343 641 1456 bene,
666 1360 760 1422 recte
791 1345 934 1440 omnia,
958 1351 1083 1424 Latina
1106 1341 1211 1428 modo
1241 1358 1336 1452 sint,

176 1515 180 1522 -
282 1491 372 1564 quae
399 1467 590 1570 loquuntur
611 1471 798 1572 Theologil
847 1473 913 1546 Est
938 1498 1020 1549 vero
1028 1479 1124 1578 ,qui
1147 1479 1243 1554 hanc
1260 1479 1338 1556 lau

281 1589 365 1666 dem
394 1612 590 1691 mereatur,

707 1815 815 1878 corito
840 1821 984 1904 quoque
1008 1791 1120 1876 rarior
1142 1787 1236 1882 aldo.

325 1991 517 2089 Audistin‘,
542 1997 630 2100 quid
658 1997 704 2071 de
735 2023 924 2078 canvruo
956 2001 1195 2074 selmona?
1243 1998 1334 2074 Ora-

201 2108 213 2131 *
277 2117 409 2192 tionem
440 2127 516 2225 ejus
545 2123 617 2197 stili
643 2125 747 2200 fuisse
774 2141 826 2200 sat
861 2126 998 2228 purgati
1023 2139 1060 2200 et
1089 2125 1329 2224 elegantioris,

274 2271 378 2346 quam
406 2245 547 2322 deceret
572 2249 801 2352 Theologum.

320 2376 374 2446 Ut
409 2375 475 2448 hac
505 2363 571 2449 viri
604 2377 831 2468 immortalia,
865 2382 928 2456 sed
961 2382 1023 2484 qui
1059 2379 1115 2454 his
1148 2383 1185 2455 in
1215 2381 1329 2457 literis

273 2525 363 2571 unus
385 2521 528 2600 regnare
550 2501 704 2597 volebat,
729 2505 972 2607 superbissima
989 2529 1074 2582 voce
1096 2507 1241 2612 mirifice
1265 2507 1328 2582 de*

272 2628 409 2702 sensum
432 2631 463 2702 is
488 2627 699 2704 lutulentum
731 2645 766 2706 et
784 2633 962 2708 sordidum
989 2631 1077 2708 illud
1098 2629 1240 2706 dicendi
1264 2658 1327 2730 ger·

246 2773 363 2852 mus,
389 2741 482 2858 duod
509 2753 769 2855 Theologorum
794 2773 930 2835 tontum
949 2785 1025 2833 non
1055 2758 1216 2832 omnium
1240 2757 1322 2836 scri·

171 2869 180 2880 ⁵
269 2896 330 2981 pta
352 2883 396 2954 ab
423 2884 565 2986 antiquo
589 2884 728 2958 affecit!

316 3011 506 3082 Enimvero
538 3010 661 3083 horum
694 3024 894 3114 temporum
926 3010 1080 3084 felicitati
1106 3007 1318 3111 quaerebant

267 3136 418 3212 laudem.
469 3139 617 3240 Majores
647 3140 742 3213 enim
777 3137 873 3242 quod
905 3137 1049 3230 attinet,
1074 3135 1127 3211 illi
1157 3161 1238 3209 sane
1261 3159 1320 3208 me

267 3265 451 3338 defensore
470 3292 544 3338 nou
575 3263 757 3370 indigent,
784 3269 914 3368 quippe
941 3290 1090 3366 quorum
1111 3263 1207 3336 haud
1229 3287 1319 3362 pau-

266 3394 321 3481 ci,
347 3391 443 3492 quod
461 3392 499 3463 in
523 3393 676 3466 oratione
695 3391 906 3493 peccabant,
931 3392 1085 3491 ipsarum
1106 3415 1225 3464 rerum
1244 3415 1319 3489 gro-

264 3520 370 3593 aitate
392 3532 427 3591 et
449 3517 676 3620 amplitudine
702 3519 787 3592 adeo
809 3543 1034 3619 compensare
1056 3519 1250 3607 sciverunt,
1275 3530 1316 3590 ut

138 3636 143 3644 ’
261 3645 531 3747 intelligentium
544 3647 700 3720 omnium
712 3644 978 3720 admirationem
997 3645 1156 3720 nondum
1173 3656 1312 3718 movere

262 3773 437 3850 desinant.
461 3773 529 3848 Sed
540 3786 690 3846 aetatem
699 3797 764 3846 nos
775 3773 942 3866 vivimus,
958 3801 1042 3876 qua,
1062 3773 1114 3845 uti
1133 3768 1178 3845 ad
1196 3768 1312 3844 literas

260 3903 430 3992 Graecas,
447 3903 494 3974 ita
515 3902 561 3976 ad
579 3901 772 3974 orationem
784 3902 940 3974 Latinam
950 3900 1061 3972 multo
1079 3880 1193 4000 major
1207 3921 1312 3997 quam

260 4027 579 4128 olim,aTheologis
591 4052 748 4130 quoque,
762 4024 964 4100 adhibeatur
972 4049 1054 4099 cura
1067 4037 1102 4096 et
1116 4021 1309 4121 diligentia.
1335 4029 1340 4036 '
1414 4079 1415 4109 ,

258 4153 363 4248 Quod
382 4176 496 4257 nuper
522 4179 740 4228 unusnrus
765 4153 804 4226 in
823 4155 935 4227 Initiis
949 4146 1204 4263 Philosophiae
1220 4149 1307 4223 Pla-
1413 4219 1414 4241 ,
