2752 5022
295 449 366 546 19⁸
426 442 537 520 nn.
564 441 604 513 o.
631 439 672 512 r.
720 439 776 512 oe
801 437 897 511 orac
922 437 1052 512 sactes
1074 407 1235 514 aceonc'

293 641 377 716 toris
402 639 497 712 Sacri
523 663 652 710 munus
679 633 927 711 malevolorum
957 634 1110 710 ludibrio
1136 632 1264 736 exponi
1294 648 1339 708 at·

291 793 361 872 que
383 770 420 860 iu
434 765 720 868 vituperationem
739 758 891 853 adduci;
915 763 1005 868 quin
1019 763 1132 847 etiam,
1146 761 1341 853 homiuem,

291 897 352 996 qui
379 895 417 988 io
443 890 530 968 flore
549 891 670 964 aetatis
694 887 762 964 hac
792 913 957 988 prospera
981 885 1123 982 dicam?
1156 913 1202 971 au
1223 885 1341 963 adver·

292 1049 329 1118 sa
352 1020 492 1116 fortuna
519 1031 657 1107 utatur,
673 1029 721 1108 ¹ut
740 1013 816 1092 ¹sibi
841 1017 1022 1115 inceptum
1044 1012 1134 1098 illud
1155 1013 1264 1092 semel
1285 1015 1342 1088 ite·

292 1174 439 1249 rumque
463 1173 506 1220 ex
526 1161 605 1220 voto
629 1141 816 1218 succedere
835 1141 980 1234 viderit,
1007 1166 1143 1234 summo
1162 1143 1340 1238 versariis

290 1273 494 1370 discrimine
516 1271 668 1364 muueris
694 1271 747 1344 sui
771 1295 836 1370 per
866 1283 975 1347 totam
1000 1271 1108 1345 vitam
1139 1270 1282 1348 sordide
1309 1284 1339 1342 et

293 1398 509 1498 negligenter
533 1395 801 1510 administrandi
827 1397 914 1494 (†).

761 1552 795 1650 §a
842 1554 876 1625 5.

343 1711 440 1804 Quae
466 1735 547 1802 cum
579 1711 624 1782 ita
649 1709 740 1800 sint,
766 1731 838 1782 uon
867 1707 1066 1808 impediunt
1088 1706 1206 1785 auxilii
1229 1709 1339 1785 Divini

294 1836 576 1948 promissiones,¹
596 1838 634 1908 in
664 1834 800 1936 scriptis
831 1835 921 1908 Novi
952 1835 1171 1908 Testamenti
1208 1835 1340 1908 Oratori

296 1966 402 2035 Sacro
427 1962 553 2052 sactae,
577 1963 764 2062 quominus
788 1960 954 2034 omnibus
977 1987 1083 2062 quam
1105 1963 1258 2054 maxime
1279 1962 1341 2036 dis·

295 2088 523 2180 suadeamuS,
549 2113 593 2162 ne
616 2113 658 2162 ex
680 2103 837 2188 tempore
858 2087 994 2180 dicere,
1020 2091 1157 2162 etiamsi
1180 2087 1248 2165 hoc
1270 2115 1341 2189 pos·

295 2207 387 2305 sint,
421 2241 576 2315 unquam
603 2214 825 2290 adsuescant:
865 2240 948 2288 nam
977 2217 1224 2315 promissiones
1251 2215 1342 2306 illae,

202 2327 206 2334 ¹
294 2356 462 2444 qnantum
489 2341 535 2414 ad
556 2357 673 2416 nostra
693 2355 850 2444 spectant
878 2355 1055 2441 tempora,
1090 2341 1220 2416 nullam
1251 2343 1342 2421 aliato

294 2494 395 2568 spem
416 2469 565 2556 faciunt,
591 2497 694 2572 quam
714 2471 828 2542 Deum
842 2470 904 2556 iis,
923 2469 983 2566 qui
1004 2467 1205 2545 addicendi
1221 2495 1343 2550 munus
1364 2475 1365 2480 ’

294 2594 385 2684 hene
399 2595 636 2698 peragendum
652 2594 741 2668 nihil
753 2596 1070 2695 praetermiserint,
1090 2599 1242 2690 Specus
1257 2597 1342 2670 Son·

294 2726 343 2793 cti
363 2745 428 2821 ope
449 2723 637 2796 affuturum
651 2748 740 2798 esse:
764 2723 855 2801 leves
872 2747 952 2796 vero
970 2735 1007 2794 et
1022 2721 1169 2798 audaces
1188 2722 1341 2803 homiues

276 2828 362 2921 ¹sibi
383 2875 528 2949 suaeque
554 2850 739 2922 temeritati
757 2825 917 2925 relictum
942 2849 985 2921 iri
1003 2850 1241 2923 existimamus
1264 2853 1279 2949 (
1290 2851 1338 2950 *).

770 3026 802 3122 l·
848 3024 885 3124 6*-
984 3023 991 3030 ’

335 3181 513 3255 -Novimus
538 3185 681 3285 quidem
700 3187 839 3258 Oratori
860 3189 963 3258 Sacro
981 3184 1062 3285 plus
1083 3185 1191 3258 ser'nel
1214 3187 1340 3261 accide-

295 3322 353 3402 re,
378 3324 416 3382 ut
437 3323 572 3410 praeter
591 3291 690 3409 spem
710 3314 964 3410 et‘opiuionem
990 3335 1031 3382 ex
1054 3325 1213 3412 tempore
1233 3313 1339 3390 dicere

296 3451 462 3537 cogatur,
489 3437 551 3510 sed
573 3437 707 3512 nemini
724 3435 840 3511 'tamen
864 3451 982 3510 auctor
1003 3463 1077 3510 esse
1097 3438 1218 3534 velim,
1236 3447 1343 3545 prius-

296 3548 401 3664 quam¹
423 3565 477 3637 his
498 3570 537 3639 iu
558 3565 722 3664 angustiis
739 3580 913 3655 versetur,
939 3563 1086 3667 periculi
1098 3577 1166 3665 pro
1184 3573 1342 3644 concione

295 3689 467 3782 faciendi,
492 3719 579 3764 num
604 3717 641 3766 se
667 3691 831 3792 expedire
862 3675 1012 3792 polleat:
1050 3715 1160 3783 nam,
1190 3701 1242 3770 uti
1265 3697 1342 3769 haec

294 3819 505 3918 periclitatio
540 3846 620 3892 cum
654 3817 768 3892 officio
801 3844 991 3920 numquam
1020 3820 1196 3893 remissius
1228 3824 1341 3922 agendi

1269 3978 1345 4026 cur·

295 4179 308 4218 ¹.
333 4139 394 4210 (ἡ)
411 4135 487 4205 Vide
514 4148 628 4214 praetor
650 4132 798 4216 scriptores
821 4159 842 4200 s.
859 4139 891 4198 ll.
911 4151 1094 4214 attonsis,
1114 4146 1268 4222 1²39,lo.

335 4229 390 4302 (”)
409 4227 593 4298 Grsasas,
623 4228 764 4302 ceterique
789 4229 811 4300 5.
829 4235 852 4286 3.
882 4231 1011 4308 deinceps
1034 4234 1150 4292 excitati.
