2752 5022
90 680 213 728 corum
234 667 335 757 atque
358 657 544 730 Oratorum
574 655 672 729 libris
699 653 896 756 eolligunt,
923 670 983 731 aut
1010 661 1141 760 ingenii

89 783 286 881 fatigatione
325 784 534 858 inveniunt:
567 779 777 882 quibuslibet
814 807 897 856 vero
937 784 1038 859 bonis
1070 790 1144 888 ipse

88 907 227 1009 pietatis
244 935 283 980 ac
302 910 439 984 virtutis
459 907 580 1000 ardor,
607 907 732 980 animis
749 905 899 998 inditus,
919 935 982 985 suo
1003 909 1084 986 loco
1104 939 1144 986 ac

87 1049 265 1136 tempore,
279 1061 356 1110 vera
372 1034 431 1108 illa
449 1032 631 1135 praebebit
649 1033 866 1135 eloquentiae
880 1033 1034 1126 lumina,
1057 1066 1143 1138 quo-

85 1189 164 1234 mm
188 1189 209 1234 a
232 1161 493 1263 pulchritudine
515 1159 783 1261 contemplanda
804 1159 977 1238 auditores
998 1167 1142 1260 rerum,

86 1315 168 1389 quas
192 1291 412 1394 contineant,
438 1287 706 1387 magnificentia·
720 1299 917 1362 avertantur
941 1289 1030 1392 (ᾧ).

450 1523 453 1530 .
543 1443 572 1541 i·
622 1442 679 1538 48·

86 1603 88 1606 ’
128 1599 203 1672 Sed
226 1598 473 1690 Phantasiae,
504 1623 549 1676 ne
573 1595 788 1688 luxurietur,
823 1599 919 1672 frena
951 1603 1070 1701 injici,
1107 1619 1142 1680 et

74 1727 221 1826 figurae
240 1729 291 1798 ita
314 1728 483 1822 usurpari
507 1724 656 1818 debeat,
683 1740 727 1798 ut
751 1725 878 1800 modus
904 1726 1117 1806 adhibeatur
1127 1761 1142 1820 ‚-

84 1851 178 1955 quod
196 1852 241 1926 ab
270 1855 415 1926 Oratore
438 1855 542 1938 Sacro
566 1857 628 1943 fit,
657 1855 685 1929 si
704 1849 770 1934 hoe
793 1853 832 1932 in
854 1852 995 1930 dicendi
1016 1881 1140 1954 genere

84 1979 246 2080 progredi
265 1981 416 2070 desinit,
441 2006 545 2079 quam
568 1981 721 2080 primum
744 2003 781 2062 se
805 1978 860 2054 vel
883 1979 1066 2078 paululum
1085 2010 1141 2066 re·

84 2106 265 2204 frigescere
308 2108 453 2184 sentiat:
489 2104 586 2190 modi
619 2129 701 2178 vero
737 2101 884 2180 tenendi
917 2107 1140 2182 immemores

88 2245 188 2316 sunt,
223 2229 377 2332 adeoque
411 2231 585 2312 flammam
608 2231 803 2303 auditorum
832 2232 1033 2330 pectoribus
1054 2237 1142 2334 inje-

80 2369 173 2430 etam
203 2359 450 2456 exstinguunt,
486 2359 546 2458 qui
574 2357 765 2431 dictionem
789 2359 970 2453 figuratam
1002 2357 1140 2457 longius

83 2485 244 2576 trahunt,
270 2511 375 2592 quam
400 2509 519 2558 sensus
543 2484 635 2558 illius
666 2481 857 2565 admonitio
882 2485 1031 2596 patiatur
1057 2485 1071 2578 (
1083 2487 1136 2583 ‘),
1167 2523 1170 2528 ¹

544 2641 574 2744 §-
622 2639 682 2738 lo·

131 2797 339 2878 Cautionem
361 2793 441 2878 illae
464 2795 613 2866 maxime
639 2793 785 2866 suadent
804 2796 949 2893 figurae,
974 2821 1060 2896 quae
1079 2821 1138 2869 ve,

83 2921 315 2998 hementiores
340 2935 377 2994 et
400 2919 600 2995 audaciores
628 2936 732 3012 sunt,
760 2935 795 2992 et
816 2947 963 3020 quarum
986 2924 1025 2994 in
1053 2921 1136 3000 abu·
1218 2995 1222 3004 ,

84 3068 158 3136 sum
182 3051 322 3148 ingenia
345 3047 586 3137 foecundiora,
614 3049 643 3126 si
669 3072 705 3118 se
735 3061 927 3146 temperare
957 3051 1135 3142 nesciunt,

84 3174 182 3248 valde
209 3173 377 3276 proclivia
408 3199 494 3266 esse⁴
515 3171 851 3274 deprehenduntur,
886 3179 1136 3274 InterrogatiO,

85 3301 327 3398 Apostrophe,
352 3288 607 3392 Earelamatr'o,
632 3303 776 3374 Ironia:
812 3297 856 3372 de
882 3301 1007 3402 quibus
1034 3303 1137 3400 igitur

85 3428 249 3518 nonnulla
266 3429 442 3528 sigillatim
466 3427 641 3501 monenda
667 3427 841 3501 videntur.
1051 3416 1056 3438 Χ

537 3583 565 3679 s.
617 3582 675 3656 50.

131 3735 277 3822 Multum
298 3741 423 3837 vigoris
448 3754 483 3811 et
508 3738 705 3826 aculeorum
731 3741 880 3813 orationi
901 3727 1011 3813 'addit‘
1027 3749 1138 3826 Inter·

6 357 7 392 l

171 461 220 540 Ρ.
240 461 296 535 H.
323 461 452 538 ΟΝ.
503 465 558 536 De
583 461 680 534 Orat.
708 461 837 536 Sacrae
856 460 1020 540 'dictione
1077 471 1138 544 13,

1080 3893 1137 3944 PG·

126 4059 180 4129 Η)
208 4056 252 4114 Sic
274 4059 331 4138 jam
349 4057 459 4134 egregie
482 4036 748 4134 Lo¹1l⁶¹¹l¹l⁵2⁰³ll
771 4075 812 4144 ¹7·
851 4055 903 4118 Cssff.
929 4079 1091 4130 trauan,
1111 4082 1140 4140 P.

6 4149 8 4220 i
89 4147 680 4222 ²5l,t55etrrrmu1r,p.1925qq,
1120 4141 1122 4148 ·
1164 4141 1166 4146 ,

6 4229 8 4284 l
126 4233 539 4321 l*)Tusauurr,p.ao1.
666 4227 668 4234 ’

604 4325 686 4406 tlt
