2818 5022
158 431 168 450 ὓ
262 375 267 388 ·
340 333 503 442 oratoris
536 339 636 414 Sacri
658 339 776 416 soluta
801 349 906 414 ete·
1044 447 1047 452 A
1101 365 1148 450 „29

77 539 215 626 mentis
230 537 443 632 „humanae3
481 542 531 633 εἰς
555 552 633 610 tum
665 537 809 630 demum
842 538 951 610 oratio
973 541 1149 642 populatis
1183 556 1187 565 '

61 640 159 756 'dici
182 679 355 763 meretur,
381 666 410 738 si
433 691 505 740 non
525 663 635 738 solum
657 660 702 737 ad
720 661 994 760 intelligendum
1011 638 1150 767 perspi-⁶

76 819 152 866 cua
165 841 184 880 ,-
203 789 265 864 sed
286 792 390 885 etiam
413 791 465 864 ad
479 805 571 874 mota
591 813 635 864 ao
655 789 824 864 desideria
837 787 968 886 populi
994 767 1149 890 explan.⁸

79 920 130 992 da
162 916 424 992 accommodata
449 931 503 994 est
527 915 614 1016 (†).
664 955 668 966 ·
952 897 955 904 ¹

548 1069 583 1169 s.
633 1069 721 1143 ss..

125 1228 348 1316 ¹Orationem
371 1225 417 1298 ad
446 1239 525 1299 vota
549 1249 590 1296 ac
622 1217 794 1300 desideria
823 1223 945 1325 populi
973 1227 1152 1327 explenda·

39 1387 43 1393 ’
86 1351 393 1428 accommodatam
417 1376 493 1425 esse
514 1348 730 1454 juditamus,
757 1349 815 1421 cui
837 1347 926 1424 duae
949 1355 1060 1429 insint
1079 1359 1150 1428 vir-

85 1497 208 1571 ¹tutes,
233 1481 408 1554 suavitatis
429 1478 552 1566 altera,
577 1475 682 1548 altera
699 1479 890 1574 gravitatis:
917 1479 994 1572 vel,
1019 1495 1059 1554 ut
1077 1483 1152 1556 aliis

85 1623 238 1682 utamur
260 1607 398 1697 verbis,
423 1609 510 1706 quae
534 1607 581 1676 ita
606 1628 642 1676 se
670 1603 817 1694 habeat,
842 1618 882 1678 ut
911 1629 953 1678 ex
983 1631 1024 1678 ea
1043 1635 1154 1710 popu-¹

87 1717 144 1810 ius
173 1747 212 1806 et
234 1733 445 1834 voluptatem
460 1729 505 1830 i*
520 1732 536 1830 )
554 1723 683 1838 ¹capere
708 1732 836 1840 possit,
861 1745 897 1802 et
914 1736 1065 1806 maxime
1085 1739 1152 1808 uti·
1266 1767 1274 1788 ¹

89 1862 248 1954 litatem.
801 1931 804 1940 .

558 1957 587 2056 §-
638 1954 707 2056 ³9?

92 2209 94 2220 Α
141 2105 203 2186 Ne
226 2138 310 2186 vero
327 2116 409 2212 quis
432 2111 519 2186 forte
543 2110 703 2204 dubitet,
726 2137 813 2190 num
839 2109 948 2190 oratio
977 2087 1089 2214 sacra,
1114 2135 1156 2194 ut

91 2238 230 2342 populo
250 2237 517 2312 accommodata
543 2241 588 2312 sit
598 2238 700 2328 ,⁶hac
724 2255 867 2346 utraque
887 2246 1016 2318 virtute
1043 2245 1156 2321 eluce-

95 2395 135 2441 re
158 2365 305 2458 debeat;
330 2368 369 2438 in
394 2367 599 2439 memoriam
625 2367 858 2442 revocandum
883 2384 959 2462 est,
987 2372 1081 2473 quod
1102 2376 1156 2447 in-

95 2495 150 2568 fra
175 2492 372 2566 luculenter
392 2489 618 2594 probabitur,
644 2489 735 2564 hanc
758 2497 949 2570 orationem
974 2525 1047 2574 non
1079 2517 1155 2576 tan*

96 2619 181 2693 tum
203 2601 344 2708 halieri,
369 2630 409 2690 ut
432 2615 605 2690 auditores
633 2621 877 2718 sapientiores,
905 2621 1091 2700 sedetiam
1114 2644 1155 2702 ut

18 2749 19 2754 ’
99 2743 264 2842 meliores
287 2753 323 2816 et
342 2743 512 2816 beatiores
535 2729 727 2852 reddantur
750 2743 827 2844 (q.)
865 2769 869 2774 ·

529 2897 586 2996 ·s-
637 2899 697 2992 ro.

102 3152 106 3158 Ι
159 3057 277 3157 Atque
305 3027 355 3152 sie
385 3053 473 3126 illud
494 3053 738 3154 ‘popularitatis
769 3070 939 3162 tanquam
960 3063 1158 3162 fastigium,

37 3183 39 3188 ’
98 3181 145 3254 ad
166 3181 265 3284 quod
285 3205 404 3254 omnes
422 3179 585 3256 Oratores
605 3181 724 3264 Sacros
750 3183 896 3258 tendere
917 3202 1068 3285 oportet,
1094 3216 1156 3262 no-

99 3307 156 3382 bis
177 3319 462 3380 commonstrasse
487 3304 662 3380 videmur:
691 3310 753 3384 sed
775 3335 856 3386 cum
875 3312 941 3385 hae
963 3314 1001 3392 in
1025 3313 1156 3388 medio

1090 3467 1159 3514 cri«

136 3628 259 3708 (†)Ct¹
286 3609 701 3694 ou1ucrrr.l.¹oLib.VIH.
725 3644 783 3705 cap.
800 3630 823 3684 3.
855 3619 891 3685 X.
909 3647 969 3708 cap.
985 3652 1008 3690 a.

137 3723 198 3796 (¹³)
214 3717 279 3776 Non
298 3719 407 3777 laudari
425 3721 441 3776 a
459 3715 537 3774 nobis
561 3717 632 3773 illud
652 3719 782 3795 placendi
804 3720 945 3792 studium,
965 3723 1087 3780 Oratore
1105 3723 1155 3778 Sa-

100 3821 152 3866 cro
176 3807 419 3884 indigemus-quo
446 3805 632 3862 multitudinis
656 3821 737 3864 aures
760 3808 950 3884 mulceantur,
967 3801 1155 3890 quisqueisna

101 3907 206 3973 sponte
222 3896 359 3971 intelligit
395 3895 481 3952 Plura
498 3913 556 3972 cap.
578 3903 628 3953 111.
656 3902 679 3972 5.
695 3905 728 3967 37
750 3911 809 3974 sqq,
853 3927 859 3947 .
1084 3907 1112 3943 .·

139 3988 200 4061 (5)
218 3985 465 4053 Gnorrrsno,
496 3989 669 4057 Ansiclrten,
697 3990 847 4046 Gedanlren
872 3994 930 4048 und
951 3990 1153 4068 Erfabrungen

105 4080 179 4134 tiber
198 4079 242 4134 die
268 4077 414 4134 Geistticte
439 4075 661 4132 Bemdtsamlreit
684 4095 713 4152 p.
737 4081 783 4136 168
804 4098 864 4154 sqq.
896 4100 1017 4148 seara,
1049 4083 1154 4136 Lessen

106 4185 177 4222 over
196 4167 229 4223 de
251 4167 397 4224 redelrunst
414 4165 570 4242 enfraaije
590 4169 826 4241 wetensclrappen.
844 4171 924 4246 Topr.
936 4173 970 4224 11.
987 4189 1014 4245 p.
1030 4174 1154 4240 aiatqq.
1222 4185 1223 4188 ¹
