2860 5022
413 389 888 472 PRAEFATIQ
1128 425 1178 482 u

126 587 284 674 Primum
299 589 482 687 omnibus,
500 599 562 697 qui
580 587 808 696 profiteantur
826 593 1061 696 Theologiam
1078 597 1177 674 fami·

127 717 286 801 liaritatis
304 717 518 813 utilissimae,
536 722 581 794 ab
602 715 835 796 adolescentia
853 747 934 796 cum
956 749 1175 799 urrunnun

124 853 267 954 aliisque
281 850 518 924 Romanorum
530 863 738 941 contractae,
750 851 1046 924 conservationem
1059 867 1095 924 et
1104 879 1178 926 am·

125 981 375 1082 plifioulionem
387 1036 396 1069 ‚
408 1003 490 1050 cum
511 998 632 1048 eorum
643 999 801 1048 sermone
818 978 856 1050 in
879 975 1008 1051 scholis
1022 993 1179 1074 utantur,

122 1108 324 1182 noneolum
342 1107 458 1178 minus
476 1102 668 1193 molestam,
687 1099 760 1193 sed,
774 1105 803 1175 si
822 1128 897 1176 esse
918 1103 1030 1176 velint
1045 1104 1177 1208 aliqui,

125 1234 232 1335 plane
252 1233 482 1336 uecessariam
502 1255 588 1304 esse.
639 1229 777 1318 Deinde
801 1253 889 1330 quae
906 1227 1089 1332 discipulis
1108 1248 1177 1308 tra·

104 1359 275 1447 'dantum
300 1357 345 1428 ab
368 1359 460 1429 omni
487 1370 584 1456 parte
604 1359 714 1435 multo
741 1359 848 1455 mapa
872 1383 1014 1432 excussa
1047 1373 1083 1434 et
1109 1360 1177 1434 ela·

127 1487 249 1558 laurata
274 1471 347 1556 esse
364 1485 496 1572 solere,
521 1511 627 1584 quam
647 1477 771 1556 scholis
791 1481 971 1582 obtingat,
995 1513 1083 1586 quae
1106 1511 1178 1560 ser-

125 1637 231 1685 mone
261 1609 432 1684 habeutur
457 1609 650 1684 vernaculo.
703 1611 797 1682 Tum
828 1610 872 1682 iis
897 1623 1032 1708 gratnm
1062 1627 1098 1686 et
1119 1639 1178 1688 ve·

127 1733 271 1814 nuatum
299 1739 515 1839 antiquitatis
535 1735 694 1836 adspergi
727 1735 897 1826 colorem,
924 1739 984 1839 qui
1010 1737 1113 1812 rebus
1137 1741 1179 1814 il·

131 1857 210 1940 lino
225 1867 379 1964 acceptis
410 1865 568 1964 apprime
597 1865 789 1936 conveniat.
840 1863 991 1938 Auribus
1017 1893 1177 1988 quoque,

128 1994 161 2064 si
183 1987 292 2064 oratio
318 1992 442 2065 Latina
463 2004 540 2078 est,
573 2014 647 2062 non
678 1990 764 2062 adeo
791 1987 974 2064 offensioni
1002 2018 1076 2066 esse
1106 1995 1179 2068 He·

128 2117 252 2191 hraeas
276 2131 313 2190 et
332 2117 503 2206 Graecas,
531 2141 617 2214 quae
646 2115 684 2186 in
712 2115 838 2190 scholis
862 2135 1093 2218 usurpantur,
1118 2145 1179 2194 vo.

132 2269 213 2336 ces,
249 2242 481 2343 formulasque
517 2239 705 2330 barbaras,
741 2246 796 2339 jus
823 2242 997 2342 quoddam
1031 2247 1179 2322 civitatis

103 2362 184 2444 'tbi
212 2368 367 2468 adeptas.
414 2365 484 2438 Sed
507 2365 616 2456 haec,
642 2367 672 2438 si
692 2369 740 2440 ita
767 2368 928 2461 videtur,
953 2370 1041 2444 levia
1073 2387 1175 2448 sunt:

127 2493 392 2597 progrediamur
426 2493 470 2566 ad
500 2494 679 2590 graviora!
730 2491 857 2570 Nonne
888 2498 983 2600 apud
1007 2515 1179 2576 nostrates

127 2624 189 2695 hio
219 2623 387 2693 sermonis
416 2621 534 2692 Latini
561 2647 643 2692 usus
675 2649 779 2720 supra
818 2650 922 2730 quam
961 2626 1031 2698 dici
1065 2642 1181 2726 potest

126 2743 324 2821 oonsertad
347 2743 526 2816 audaciam
551 2743 667 2835 illam,
692 2773 779 2847 quae
800 2747 880 2820 alibi
905 2752 944 2822 in
970 2777 1025 2824 res
1048 2757 1180 2852 pariter

129 2876 273 2948 Divinas
294 2865 405 2969 atque
421 2869 590 2943 humanas
604 2896 705 2944 caeco
723 2874 858 2974 impetu
882 2875 999 2967 irruit,
1026 2906 1045 2951 a
1064 2882 1182 2957 Theo·

128 3003 239 3100 legiae
265 2998 393 3070 finibus
416 2997 628 3072 arcendam?
677 2999 802 3072 Nonne
832 3001 984 3078 Juvenes
1010 3031 1052 3078 eo
1083 3009 1180 3112 adju·

125 3142 254 3204 rantur
279 3123 323 3197 ad
346 3123 531 3196 lectionem
548 3125 736 3219 Veterum,
764 3126 858 3200 unde
882 3143 1016 3205 tantum
1035 3135 1119 3208 boni
1144 3153 1180 3212 et

130 3253 296 3356 praeclari
324 3251 362 3324 in
394 3241 609 3348 Tlreologum
640 3253 838 3328 redundare
867 3273 1004 3356 potest,
1030 3287 1101 3336 non
1126 3289 1180 3336 so.

130 3382 208 3455 lum
231 3382 397 3483 quamdiu
430 3377 802 3472 intremuissem,
841 3384 903 3456 sed
939 3385 1000 3458 diu
1034 3403 1178 3486 postea,

129 3511 161 3583 si
194 3533 257 3610 per
291 3511 401 3580 otium
427 3505 512 3579 lieet
525 3562 545 3595 ,,
569 3510 868 3608 persequendam?
903 3507 1043 3616 'Nonne
1071 3515 1180 3592 iidem

129 3635 345 3737 adscripta,
371 3649 446 3708 tum
467 3635 633 3726 Petrum,
660 3635 721 3735 qui
744 3634 936 3728 dicuutur,
961 3639 1182 3718 Ecclesiasti.

129 3789 274 3853 corum,
299 3757 376 3836 tum
396 3763 549 3834 virorum
572 3761 840 3853 immortalium,
867 3763 1034 3865 aquibus
1056 3771 1182 3846 Sacro-

131 3913 212 3962 rum
233 3890 435 3963 instauratio
467 3890 621 3989 profeota
647 3903 722 3981 est,
761 3904 900 3983 strenue
929 3920 969 3968 ac
997 3894 1180 3993 diligenter

134 4015 302 4092 versanda
330 4018 593 4120 propensiores,
619 4017 921 4121 promptioresque
951 4019 1178 4094 redduntur?

1104 4149 1185 4221 lilit-
