2790 5018
266 439 340 534 'sol
388 441 435 514 P.
451 441 522 514 ΙΙΙ.
549 440 654 516 5:11.
681 439 721 514 C.
736 443 769 520 1.
804 438 876 512 oe
900 439 1192 538 Praeparnts'ons,
1233 457 1253 493 ’-

266 662 335 738 que
351 639 483 736 majora
499 644 535 708 et
551 636 687 709 minora
701 637 823 709 insunt
837 636 997 712 membra
1008 695 1017 728 ,
1030 637 1095 710 sibi
1107 634 1324 710 describant.-

267 761 339 836 Sed
361 762 516 868 quaestio
538 777 613 854 est,
637 789 722 836 num
754 763 892 836 Oratori
916 765 1019 838 Sacro
1045 764 1139 836 hunc
1162 761 1315 836 laborem

267 885 421 962 alienum
440 884 508 962 sibi
531 889 618 964 adeo
639 889 813 964 vindicare
831 891 954 979 liceat,
977 888 1081 962 ulad
1109 889 1317 970 lineamenta

267 1013 326 1090 illa
343 1041 421 1088 suas
445 1015 522 1116 ipse
547 1015 649 1088 lhciat
672 1015 869 1118 habeatque
892 1017 1086 1092 Orationes.

721 1187 753 1280 ς.
807 1175 863 1256 n.

317 1336 494 1440 Equidem
519 1339 684 1414 Oratores
716 1341 859 1430 Sacros,
888 1341 958 1442 'qui
989 1337 1147 1437 gravibus
1173 1363 1320 1438 occupa*

268 1463 422 1538 tionibus
449 1461 635 1562 impediti,
660 1468 846 1568 quominus
867 1467 1032 1542 orationis
1061 1461 1243 1538 habendae
1271 1488 1322 1536 ar·

268 1603 432 1694 gumenta
470 1588 563 1666 bene
597 1589 785 1692 disponere
821 1595 982 1695 possint,
1014 1591 1070 1666 vel
1099 1591 1231 1690 ingenii
1270 1589 1321 1664 sui

267 1715 362 1794 vires
384 1716 512 1790 frustra
532 1719 683 1818 experti,
710 1719 777 1800 hoc
794 1719 906 1796 alieno
928 1719 1044 1814 labore
1059 1741 1320 1815 nonnunquam

268 1853 431 1934 utantur,
458 1841 581 1921 acerba
601 1844 874 1946 reprehensione
898 1835 1020 1946 dignos
1044 1871 1117 1918 non
1136 1867 1212 1916 esse
1235 1867 1319 1916 cen·

268 1993 348 2062 seo;
374 1968 567 2044 dummodo
601 1972 638 2044 in
666 1971 910 2062 lineamentis,
935 1997 1033 2074 quae
1066 1972 1121 2042 sui
1155 1969 1241 2065 juris
1272 1969 1321 2040 sa·

269 2096 390 2188 ciunt,
415 2098 557 2198 proprio
588 2096 699 2172 Marte
720 2099 943 2192 elaborandis
970 2123 1112 2182 omnem
1136 2096 1243 2182 animi
1266 2121 1322 2182 cu,

268 2247 345 2308 ram
369 2236 405 2296 et
428 2221 642 2324 diligentiam
663 2242 799 2327 ponant
822 2229 871 2327 (†
885 2229 911 2326 ).

723 2389 753 2473 t·
810 2391 863 2480 ¹4·

319 2538 388 2611 Sed
415 2544 543 2615 acriter
569 2541 855 2642 reprehendendi
877 2559 980 2633 sunt,
1012 2546 1073 2645 qui
1099 2541 1324 2615 consuetudi,

270 2693 352 2757 nem
373 2668 440 2744 sibi
461 2671 666 2746 adsciscunt
687 2667 895 2744 lineamenta
919 2671 1083 2758 orationis
1105 2668 1149 2740 ab
1171 2669 1247 2741 aliis
1266 2693 1324 2768 pe·

270 2796 358 2886 tica,
388 2809 439 2868 ut'
462 2822 527 2897 pro
559 2797 725 2869 concione
758 2795 901 2884 dicant,
936 2793 1132 2897 sequendi:
1171 2797 1324 2904 primurn

272 2909 400 3010 enim,
445 2903 495 2994 uti
534 2947 639 2994 nemo
658 2922 725 2995 ’ad
767 2923 913 2998 alienam
954 2919 1127 3010 sentiendi
1166 2947 1325 2994 normam

272 3046 418 3118 omnino
450 3043 685 3121 benedicere
722 3065 856 3150 potest,
893 3052 942 3123 sic
973 3051 1041 3150 ipsi
1072 3049 1325 3136 committunt,

271 3183 313 3246 ut
335 3198 397 3244 sua
411 3173 610 3273 saepissime
626 3173 784 3273 langueat
805 3153 1040 3276 nervisque'et
1063 3173 1193 3256 viribus
1213 3163 1327 3247 careal

272 3300 406 3392 oratio;
433 3297 559 3372 deinde
580 3297 674 3372 haud
697 3296 828 3404 pauca,
853 3327 940 3402 quae
965 3299 1041 3389 aliis
1064 3301 1150 3372 locis
1177 3309 1212 3372 e't
1242 3313 1328 3388 tem-

203 3480 206 3486 »
273 3425 418 3528 poribus
442 3429 573 3528 scripta
603 3440 706 3520 sunt,
733 3431 892 3502 concioni
916 3426 982 3502 sibi
1010 3425 1239 3500 demandatae
1267 3451 1328 3498 ne-

275 3552 464 3654 quidquam
484 3580 678 3656 proponere
704 3554 1035 3658 deprehenduntur;
1059 3552 1212 3656 denique
1232 3579 1331 3626 men·

273 3680 321 3753 tis
347 3707 429 3754 suae
455 3681 659 3784 facultates,
681 3709 770 3786 quae
794 3697 997 3782 argumento
1019 3681 1122 3753 etiam
1150 3665 1332 3755 invenien-

276 3804 323 3881 do
358 3808 513 3882 exerceri
555 3809 734 3912 excolique
774 3807 934 3903 debent,
973 3823 1170 3909 torpescere
1206 3809 1331 3884 sinunt

1297 3945 1331 4004 et

317 4132 373 4204 (τ)
400 4133 541 4202 lacon,
571 4156 598 4212 p.
621 4138 654 4195 58
683 4153 743 4212 sqq.
774 4133 903 4204 Turn,
932 4153 959 4211 p.
979 4134 1036 4188 151·
1071 4136 1130 4191 Iets
1150 4131 1333 4205 corrumpe

272 4223 407 4300 gebrelen
428 4233 477 4280 etc.
504 4243 561 4300 pq
578 4243 638 4300 sqq·
748 4255 751 4262 ·
