2726 5022
187 400 290 478 rebus
311 399 360 480 ob
378 403 523 477 Oratore
546 401 656 478 Sacro
679 399 940 499 cognoscendis.
1040 399 1111 479 235

81 607 168 677 sione
197 596 382 673 recitandis
412 598 517 671 multi
539 611 573 670 et
604 598 731 674 assidui
761 601 852 684 sint,
889 623 984 670 nuno
1011 601 1113 671 uerae

77 727 196 806 Christi
216 726 391 802 doctrinae
414 725 453 798 in
474 725 600 800 Litoris
622 726 689 806 illis
711 723 858 800 traditae
877 723 1038 798 tenebras
1050 725 1115 796 ob·

78 855 213 946 ducere,
239 879 336 926 nunc
363 851 463 942 falsa,
489 851 614 952 quibus
640 879 778 928 causam
806 864 990 942 tuemrtur,
1014 878 1116 954 argu-

77 993 184 1052 menta
206 977 289 1052 inde
308 993 493 1080 repetere,
516 1005 611 1052 nunc
636 979 796 1055 Orationi
818 975 1031 1068 dictionem,
1054 980 1116 1052 Bi·

79 1104 378 1208 ble'comquidem,
406 1101 469 1176 sed
486 1103 530 1176 ab
552 1129 591 1175 ea
612 1104 780 1196 alienam,
805 1109 956 1182 inserere
973 1132 1115 1182 necesse

77 1247 132 1304 est.
179 1233 347 1334 Inprimis
370 1256 452 1303 vero
475 1229 676 1334 hujusmodi
702 1232 862 1306 homines
889 1230 1056 1306 labuntur
1078 1237 1116 1306 in

78 1359 167 1449 loco,
193 1383 301 1460 quem
323 1357 390 1430 sibi
416 1356 633 1430 tractandum
665 1372 864 1431 sumserunt
894 1357 952 1432 vel
979 1385 1115 1432 sumere

80 1483 285 1574 debuerunt,
309 1511 376 1584 pro
392 1487 563 1558 concione
583 1467 810 1584 explicand03
829 1481 1001 1583 siquidem
1021 1487 1118 1590 igno-

78 1615 177 1683 rantia
203 1637 264 1684 sua
288 1635 330 1680 ex
353 1611 555 1710 interpretis
577 1614 630 1683 sui
653 1610 830 1703 vernaculi
854 1611 969 1683 verbis
992 1612 1119 1684 doctri·
1236 1635 1239 1645 ·

79 1765 131 1810 nas
154 1737 208 1810 vel
233 1736 487 1808 admonitiones
511 1749 737 1839 extorquent,
766 1764 911 1838 quarum
932 1763 978 1810 ne
996 1739 1048 1810 vel
1065 1725 1117 1809 ie-

79 1866 245 1938 vissimum
263 1866 301 1934 in
328 1863 513 1963 archetypo
539 1877 702 1964 appareat
728 1861 909 1961 vestigium
934 1865 1028 1961 (†).

522 2017 550 2115 s.
607 2019 660 2090 13.

120 2179 212 2269 Quae
239 2200 321 2246 cum
344 2175 391 2245 ita
420 2175 509 2260 sint,
547 2199 668 2245 omnes
698 2175 761 2248 viri
789 2181 954 2276 juvenes,
981 2177 1042 2275 qui
1076 2176 1121 2252 ad

85 2301 225 2376 Oratoris
251 2303 357 2404 Sacri·
372 2326 500 2372 munus
530 2298 727 2399 adspirant,
755 2303 861 2376 etiam
885 2315 989 2406 atque
1018 2303 1123 2378 etiam

16 2427 17 2430 '
83 2427 282 2503 adhortandi
308 2441 407 2516 sunt,
433 2440 471 2496 ut
497 2425 540 2518 ab
567 2451 606 2496 eo
629 2440 809 2526 tempore,
835 2453 905 2528 quo
937 2427 982 2500 ad
1008 2428 1124 2502 Theo-

81 2549 226 2650 logorum
255 2551 390 2625 scholas
421 2566 621 2642 transeunt,
655 2567 729 2624 tum
759 2554 795 2628 in
828 2556 1036 2653 penitiorem
1057 2556 1125 2627 lin-

82 2705 216 2776 guarum
247 2705 352 2779 supra
375 2678 549 2752 dictarum
578 2678 836 2776 cognitionem,
862 2695 938 2752 tum
969 2682 1005 2762 in
1034 2678 1125 2758 Hcrss

82 2813 313 2897 meneuticac,
341 2831 401 2878 seu
432 2805 633 2905 disciplinae
670 2805 923 2906 interpretandi
949 2808 1124 2900 studium,
1161 2809 1164 2814 ’

81 2945 147 3005 tum
176 2937 215 3008 in
240 2936 351 3034 ipsam
373 2935 569 3005 Literarum
598 2935 779 3006 Sacrorum
805 2934 1127 3031 interpretationem

83 3070 167 3132 tanta
187 3076 222 3132 et
240 3060 412 3132 industria
435 3055 644 3131 incumbant
662 3072 698 3130 et
718 3057 936 3150 assiduitate,
962 3077 1128 3160 quantam
1189 3107 1191 3112 ·
1273 3138 1281 3150 ,

83 3183 142 3259 sihi
165 3191 215 3260 rei
235 3187 387 3290 postulat
412 3185 595 3258 difficultas
620 3184 635 3282 (
675 3187 703 3284 ).

1010 3315 1041 3396 ξ.
1074 3315 1128 3406 [4.

119 3509 173 3580 (Τ)
202 3508 290 3563 Lecta
320 3505 402 3580 digna
429 3507 515 3564 verba
547 3518 612 3572 sunt
638 3525 842 3576 nrnrorrrrr,
875 3513 944 3584 opp.
971 3509 1054 3567 Tom.
1077 3509 1155 3568 IV!

85 3591 153 3650 Part.
171 3611 194 3652 a.
220 3617 249 3672 p.
266 3602 323 3664 571.
345 3596 449 3651 Bened.
479 3594 533 3652 eff.
555 3615 711 3650 snunsrrr
731 3599 830 3670 Opusc.
849 3600 943 3656 Theol.
964 3619 992 3675 p.
1007 3603 1055 3661 233
1070 3618 1130 3674 sqq.

73 3701 283 3740 arrarum
312 3677 413 3760 Opusc.
432 3688 527 3742 Theoi.
551 3707 578 3761 p.
592 3687 641 3761 593
660 3703 720 3759 sqq.
743 3697 772 3740 et
788 3705 958 3743 vooasrrr
993 3692 1075 3743 Orat.
1103 3706 1132 3761 p.

85 3775 114 3828 ²6
130 3791 187 3848 sqq.

117 3863 173 3933 (¹)
199 3861 359 3933 Roouns,
379 3881 406 3936 p.
421 3870 484 3929 287,
506 3871 562 3921 288.
598 3860 830 3918 cffinaursrrr
861 3864 1008 3939 Opinoil.
1037 3885 1064 3940 p.
1082 3869 1130 3922 252

86 3963 142 4020 sqq.
174 3951 311 4006 Ceterum
332 3949 474 4006 brevitatis
493 3970 574 4006 causa
597 3951 708 4007 silentio
739 3952 974 4028 praetermisimus
1007 3958 1134 4028 Geogro.

84 4037 191 4108 phium,
216 4032 436 4114 'chronologiam
461 4040 582 4114 aliasque
610 4040 788 4116 disciplinas,
820 4060 891 4114 quae
918 4041 954 4096 ab
979 4041 1133 4118 interprete

88 4124 237 4184 Literarum
252 4128 395 4186 Sacrorum
409 4129 486 4184 haud
505 4132 563 4186 sine
577 4129 681 4186 darrrno
696 4130 866 4203 ignorantur.
896 4128 949 4186 (ΗΓ.
964 4152 1026 4186 rau
1038 4151 1133 4185 nsrrr

1081 4225 1135 4275 Ire·
