2774 5022
251 347 300 442 ea
379 347 425 450 r.
442 345 494 420 u.
522 345 563 418 e.
578 347 615 424 1.
660 343 718 420 oe
743 343 842 430 orac.
868 342 1000 420 sacru
1024 349 1185 428 mauu.

249 542 356 644 hujus
385 537 589 642 disciplinae
618 537 780 614 doctores
815 537 966 614 definire
991 558 1184 640 conantur,
1221 543 1308 648 quid

243 669 401 770 singulas
419 665 622 768 quibusque
641 666 886 766 diebusfestis
902 682 943 760 et*
954 669 1158 746 solennibus
1174 671 1219 744 ab
1238 699 1309 746 ora-

245 809 330 870 -tore
352 795 429 870 fieri
454 792 582 866 debeat
606 791 696 892 (†).
745 791 819 867 Nos
842 819 947 886 vero,
973 799 1159 896 quominus
1183 797 1306 874 horum

174 967 198 1028 y·
253 923 410 996 suorum
429 917 570 1018 vestigia
594 943 800 1019 sequamur,
825 945 900 993 non
923 919 1037 994 solum
1061 923 1202 998 cohibet
1231 925 1309 1000 hre-

253 1049 370 1122 vitatis
401 1045 577 1138 studium,
611 1045 674 1118 sed
701 1047 942 1122 animietiam
970 1051 1168 1147 persuasis,
1206 1077 1309 1152 quae·

256 1198 395 1276 ctmque
418 1171 472 1246 illi
495 1171 757 1274 praescribant,
787 1186 847 1246 aut
873 1171 1013 1246 levioris
1040 1172 1227 1274 ponderis,
1248 1189 1309 1250 aut

193 1289 199 1304 ⁸
255 1313 350 1373 certe
377 1297 460 1373 talia
479 1324 577 1392 csse,
603 1314 643 1374 ut
667 1325 710 1372 ex
734 1327 838 1402 supra
859 1297 965 1372 dictis
993 1295 1093 1372 facile
1120 1315 1309 1399 eruantur,

256 1426 314 1502 vel
337 1451 381 1498 ex
402 1425 455 1500 rei
479 1441 604 1500 natura
624 1441 660 1500 et
683 1425 800 1502 indole
823 1415 1174 1528 intelligunuw).
1217 1429 1234 1440 ”

717 1600 748 1701 s.
798 1598 858 1678 a.

239 1799 245 1854 ῖ
305 1776 512 1854 Recentiore
536 1776 687 1854 maxime
709 1775 876 1850 memoria
903 1775 1067 1851 nonnulli
1093 1775 1231 1877 legem,
1264 1779 1312 1854 de

257 1911 360 1984 certis
381 1909 581 1982 Liberunum
609 1903 801 1979 Sacrorum
829 1903 914 1977 loeis
944 1908 1071 2004 quavis
1093 1901 1312 1981 hebdomade

258 2033 421 2125 dicendi,
446 2033 537 2107 inter
565 2055 686 2105 omnes
708 2029 985 2155 Christiaporum
1007 2017 1192 2104 hominum
1213 2032 1314 2107 fami·

258 2157 322 2234 lias
336 2157 515 2232 'inducere
536 2147 742 2248 voluerint,
776 2169 811 2229 et
837 2159 885 2230 ita
907 2155 1071 2260 quidem,
1102 2171 1143 2231 ut
1169 2159 1315 2258 singulis

259 2286 362 2380 anuis
383 2283 479 2376 idem
508 2285 606 2386 quasi
635 2281 728 2358 orbis
758 2283 861 2358 Sacer
890 2284 1100 2385 expleretur.
1140 2283 1221 2357 'Sed
1242 2288 1316 2386 pri·

242 2437 360 2510 'mum
383 2412 460 2484 fieri
480 2435 554 2482 non
583 2423 720 2510 potest,
744 2423 785 2482 ut
814 2410 911 2484 orbis
931 2387 1035 2510 Sacer
1061 2413 1317 2517 coustituetur,

241 2519 252 2642 Α,
260 2538 348 2642 quin
367 2534 518 2612 multum
530 2535 568 2623 ‚ei
584 2536 672 2608 insit
691 2534 794 2635 longe
812 2537 969 2639 quaesiti.
1019 2535 1159 2612 Deinde
1178 2535 1240 2611 ubi
1257 2563 1317 2612 ea·

242 2664 343 2744 ,dem
365 2661 522 2736 locorum
545 2664 650 2735 series
669 2663 854 2762 quotannis
869 2662 1053 2754 tractanda
1072 2664 1138 2755 sit,
1161 2667 1232 2762 jam
1250 2691 1318 2760 Xau·
1353 2699 1356 2708 λ

245 2805 317 2888 ‚tea
342 2787 434 2864 dicta
464 2786 827 2892 (q10d3auditcribus
851 2787 955 2890 paulo
984 2788 1319 2887 intelligentioribus

260 2899 426 3008 nauseam
442 2916 563 3014 creat)
586 2914 833 3002 nimiscrebro
854 2915 1063 3015 repetenda,
1089 2913 1147 2992 vel
1165 2916 1320 3017 Scripto-

260 3073 343 3124 rum
362 3046 547 3118 Sacrorum
569 3039 674 3116 verba
692 3039 738 3112 ad
759 3025 834 3114 rem
854 3026 1047 3144 quamlibet
1070 3041 1216 3116 alienam
1234 3068 1320 3120 con·
1375 3107 1376 3112 ,

259 3169 457 3274 torquenda
475 3193 568 3262 esse,
587 3171 668 3241 satis
687 3193 858 3270 superque
881 3165 985 3242 docet
997 3149 1219 3269 experientia.
1247 3169 1320 3242 De-

260 3299 369 3399 nique
388 3293 547 3369 libertate
570 3292 631 3367 illa
657 3292 724 3367 loci
749 3297 946 3370 Literarum
966 3297 1146 3368 Sacrorum
1170 3293 1237 3369 sibi
1261 3323 1321 3368 su·
1375 3373 1376 3386 q

243 3423 253 3434 '¹
261 3421 402 3519 mendi,
437 3449 505 3526 qua
534 3421 600 3497 hac
629 3425 668 3497 in
689 3425 801 3524 patria
829 3435 946 3496 nostra
974 3419 1133 3524 plerique
1162 3434 1320 3494 oratores

1208 3558 1322 3618 utun-

298 3710 363 3821 Η)Ι
386 3749 540 3815 annor,
567 3765 597 3823 p.
616 3747 666 3803 106
687 3763 748 3822 sqq.
773 3761 878 3817 ntra,
904 3763 934 3822 p.
957 3748 1007 3812 rot
1030 3761 1090 3820 sqq.
1107 3759 1324 3800 cnorum

258 3838 281 3897 ¹·
299 3855 360 4000 ἵζ’)
388 3925 434 3984 Gi.
462 3943 594 3990 sauna,
618 3924 825 4000 Paragrapbeu
849 3925 894 3980 als
914 3920 1078 3998 Gruudluge
1102 3941 1137 3978 au
1165 3921 1323 3979 Ver-lesan·

262 4036 316 4098 geu
338 4017 405 4074 itber
425 4017 470 4074 die
487 4012 648 4086 Homiletilr.
663 4032 692 4088 p.
710 4015 741 4068 δι
763 4030 825 4088 sqq.
860 4013 997 4068 Ceterum
1015 4009 1146 4084 legantur
1170 4028 1324 4078 scacrr,

264 4103 285 4162 l.
304 4101 329 4163 ὁ.
348 4125 376 4181 p.
396 4111 445 4164 185
469 4127 528 4184 sqq.
556 4115 584 4162 et
605 4101 839 4178 rrrruaru,l.
860 4119 884 4196 c.
912 4119 941 4178 p.
957 4119 988 4168 7²
1012 4117 1072 4174 sqq.
1164 4105 1166 4112 “
