2860 5022
251 316 366 394 debet
389 320 519 394 Orator
540 317 668 413 Sacer,
692 317 914 396 creditoribus
937 339 1002 400 etc.
1113 317 1165 408 'ii

477 673 480 677 .
573 569 602 667 l·
652 573 710 708 εδ·

117 846 124 857 ,
163 775 242 850 Jam
270 773 301 848 si
322 771 503 862 homines,
527 769 587 869 qui
611 795 676 869 pro
703 769 868 844 concione
896 800 990 848 sacra
1011 737 1164 873 dicunt,

116 927 197 976 cum
219 896 411 974 oratoribus
430 895 642 1000 quibuslibet
661 897 729 970 hoc
753 896 884 972 habent
899 925 1100 998 commune,
1123 919 1165 980 ut

116 1055 155 1122 se
177 1027 221 1102 ab
244 1025 423 1116 omnibus,
446 1027 507 1127 qui
527 1025 677 1098 oratione
698 1023 832 1116 soluta,
857 1040 1023 1128 perpetua
1045 1044 1081 1102 et
1103 1057 1166 1132 po·

118 1153 234 1258 putari
253 1165 424 1243 utuntur,
452 1149 596 1224 consilio
613 1147 848 1251 persuadendi
867 1151 934 1226 sibi
954 1157 1096 1256 proprio
1113 1157 1168 1232 di-

117 1284 319 1380 stinguant;
353 1303 411 1352 eos
441 1277 515 1350 sine
540 1275 648 1364 dubio
676 1290 884 1371 oratorum,
919 1307 1024 1382 quam
1048 1284 1168 1358 docto.

118 1435 202 1484 rum
222 1405 323 1482 titulo
340 1428 566 1504 ¹nuncuparev
577 1416 748 1502 praestat:
775 1430 880 1506 quem
897 1407 1007 1504 ‚igitur
1026 1409 1169 1484 titulum

118 1533 215 1608 haud
235 1533 337 1634 pauci
358 1531 401 1606 iis
425 1532 616 1606 rectissime
647 1529 845 1606 tribuerunt
868 1530 970 1632 (†);
994 1532 1053 1608 alii
1086 1561 1169 1612 vero

119 1663 163 1737 iis
184 1673 377 1760 negarunt,
415 1659 488 1733 sire
512 1657 605 1758 quod
634 1655 902 1758 appellationem
927 1657 1023 1730 illam
1052 1661 1169 1735 minus

120 1786 382 1886 intelligebant,
407 1809 469 1856 seu
491 1780 585 1882 quod
605 1784 794 1855 orationem
817 1809 898 1873 cum
918 1783 1170 1886 disputatione,

121 1915 176 1993 vel
204 1913 452 1988 declamatione
474 1907 737 1982 confundebant
761 1910 840 2012 (*).
871 1927 875 1934 ’

576 2107 607 2204 §-
660 2131 719 2204 29·
787 2159 789 2170 »

145 2402 149 2414 1
174 2309 242 2386 Sed
262 2303 439 2408 quamvis,
463 2302 523 2403 qui
544 2325 608 2400 pro
626 2303 794 2372 concione
818 2327 912 2375 saera
934 2301 1175 2396 dicuntfora·

123 2453 217 2513 tores
240 2445 343 2522 sunt,
368 2426 558 2502 oratoribus
581 2425 656 2499 aliis
685 2423 765 2496 hoc·
780 2427 948 2518 nomine,
974 2429 1069 2530 quod
1090 2455 1174 2528 per.

123 2559 295 2640 suadendi
317 2557 440 2630 dicunt
459 2551 626 2643 consilio,
651 2577 751 2652 pares
774 2567 810 2624 et
831 2555 1008 2654 aequales;
1039 2549 1092 2628 est
1118 2569 1171 2628 ta-

123 2688 294 2772 meniis,
320 2680 420 2781 quod
442 2676 508 2750 sibi
523 2679 706 2771 proprium
730 2675 886 2751 habeant
911 2704 955 2754 ao
968 2681 1171 2774 peculiare:

16 2849 20 2856 ·
123 2839 207 2888 cum
228 2811 325 2882 enim
347 2808 509 2879 Oratores
530 2804 600 2874 sint
627 2800 743 2890 Sacri,
769 2789 885 2875 dicere
908 2803 1037 2878 dehent
1062 2809 1175 2880 eousi·
1267 2789 1270 2796 ¹

124 2943 173 3013 lio
200 2931 420 3006 auditoribus
435 2928 697 3028 persuadendi,
735 2941 777 2997 ut
809 2927 966 3007 homiues
997 2938 1069 3012 sint
1097 2918 1198 3023 rere

133 3063 334 3140 Christiani.
417 3072 419 3078 ’
1116 3063 1121 3076 '

1052 3279 1084 3366 a.
1117 3209 1177 3346 oa

167 3472 220 3546 (Τ)
236 3469 303 3526 Non
318 3462 411 3521 solum
430 3457 560 3537 plerique
579 3460 725 3537 scriptores
745 3460 947 3531 recentissimi,
965 3462 1016 3519 sed
1038 3479 1107 3542 van*
1118 3481 1179 3521 nnn

132 3577 277 3622 waeran
288 3598 297 3624 ‚
316 3552 464 3614 Mettodus
485 3551 680 3608 eoaeionendt
697 3557 759 3627 pag.
782 3573 803 3608 1.
829 3571 979 3608 nonnos.
1001 3551 1021 3606 l.
1036 3571 1059 3609 e.
1076 3573 1105 3630 p,
1118 3558 1181 3630 984.

132 3664 358 3714 notamen,
377 3646 455 3701 Diss.
474 3641 571 3696 Tleol,
588 3641 740 3714 deopamo
760 3644 919 3698 concionum
933 3659 1050 3720 generet
1063 3661 1090 3718 p.
1107 3663 1138 3698 ιο
1152 3637 1193 3698 et‘
1222 3667 1224 3670 ·

132 3740 212 3801 alibi.
257 3737 321 3793 Jam
339 3749 478 3788 accusa.
504 3727 643 3784 oratores·
666 3725 763 3783 Sacros
786 3747 848 3788 cum
867 3730 992 3791 civilibus
1011 3731 1188 3808 compararit

133 3831 171 3891 de
188 3833 289 3886 Doctr.
307 3819 408 3880 Christ.
425 3817 485 3874 Lib.
496 3817 547 3877 lV·
564 3835 669 3893 cap.17
691 3835 751 3892 sqq.

173 3919 232 3996 (“)
255 3913 306 3972 Uti
325 3927 524 3993 assensus,
545 3903 564 3961 l.
588 3923 609 3990 o.
632 3926 661 3981 p.
682 3925 728 3962 112
755 3906 864 3982 aliique.
900 3909 952 3966 Cis.
971 3926 1181 3976 ninnzont,

136 4027 168 4086 p.
189 4012 229 4074 ΑΒ»
243 4023 304 4078 sqq.
328 4010 357 4056 et
386 4014 553 4052 cessissit
581 4006 675 4058 annot·
697 3995 734 4055 ad
755 4015 891 4058 aoraton
909 3999 1032 4060 librumt
1062 3995 1186 4062 Overdo

140 4093 281 4174 uttertjte
303 4085 657 4166 tauetwetspueendtad.
674 4105 701 4165 p.
721 4090 772 4160 to,
791 4092 834 4165 δι.1

691 4199 773 4296 Da
