2860 5022
347 415 819 496 seluemo.
1036 428 1117 482 mr
1201 377 1204 382 ’

64 631 204 714 tonicae
221 619 343 712 nobis,
368 612 568 718 aequalibus
586 614 677 701 suis,
703 607 954 710 gratulaturus,
980 635 1113 686 novum

64 754 153 836 dixit
174 748 356 853 quoddam
390 729 726 822 chconsultorum
754 750 791 810 et
813 760 898 810 cero
922 735 1114 838 Theologu-

64 907 146 956 vwn
169 902 283 980 genus
301 886 471 949 exortum
490 892 588 955 esse,
612 863 836 938 humanum.
859 863 1016 955 cultum,
1038 867 1128 941 ιώ,

65 1011 115 1082 vu‘s
147 987 377 1104 perpolitum.
435 995 600 1070 Ceterum
630 1019 650 1065 a
687 989 863 1089 Theologo
897 1015 1001 1062 nemo
1032 1019 1116 1092 praa

64 1132 156 1206 dens
178 1131 373 1205 orationem
398 1120 619 1226 postulaverit
651 1133 723 1192 tem
745 1141 873 1219 puram
901 1129 937 1188 et
968 1119 1117 1218 exquisi-

63 1271 163 1350 tam,
188 1281 294 1360 quam
316 1251 360 1326 ab
379 1249 463 1352 ipsis
494 1247 561 1321 illis
585 1245 671 1321 viris
682 1301 699 1352 ,A
719 1247 780 1346 qui
807 1243 1015 1344 profitentur
1037 1241 1117 1315 lite·

63 1411 146 1460 ras:
170 1383 233 1456 sed
255 1379 338 1453 levis
358 1373 531 1479 quaedam
561 1371 731 1446 aberratio
760 1397 780 1443 a
806 1371 975 1446 Veterum
1002 1371 1118 1443 nitore

64 1509 170 1588 nobis
196 1495 296 1582 facile
324 1504 561 1594 condonatur,
585 1523 666 1574 mox
697 1496 801 1570 modo
823 1499 863 1570 in
885 1497 975 1572 viam
1000 1496 1121 1570 redeo.

66 1664 171 1727 mus,
195 1657 309 1737 neque
330 1631 553 1733 persistamus
577 1627 615 1699 in
635 1625 719 1700 luto.
767 1624 815 1698 At
835 1623 920 1698 haec
933 1624 1126 1712 hactenus,

70 1760 238 1838 Nondum
260 1759 374 1844 omnis
406 1757 563 1840 conlecta
587 1753 773 1858 disputatio
798 1765 862 1826 est.
911 1753 1022 1851 Finge
1054 1754 1122 1837 tibi
1149 1807 1156 1822 .

76 1913 267 1978 sermonem
280 1886 447 1975 Latinum
459 1879 607 1970 scholis,
627 1893 795 1984 tanquam
814 1903 921 1980 regno
942 1905 1027 1970 suo,
1053 1886 1124 1983 eje·

72 2015 188 2088 etum!
238 2013 317 2086 Jam
349 2036 472 2085 caecus
498 2008 545 2081 sis
573 2019 735 2108 oportet,
758 2007 797 2092 ni
828 2003 971 2097 videas,
1005 2007 1125 2088 omnia

69 2137 283 2231 laudabilia,
319 2155 408 2240 quae
436 2161 542 2236 supra
572 2135 771 2232 attigimus,
812 2135 951 2234 penitus
988 2135 1123 2209 everti:

69 2265 185 2366 ipsius
217 2264 322 2363 hujus
348 2264 517 2343 sermonis
550 2259 694 2353 Latini,
729 2265 825 2361 cujus
860 2259 985 2361 peritia
1019 2285 1125 2337 nemo
1203 2266 1205 2272 '

68 2388 182 2493 paulo
216 2388 401 2464 humanior
424 2411 541 2466 carere
576 2401 710 2490 potest,
736 2386 865 2491 ubique
890 2389 1128 2486 ingravescere
1224 2478 1226 2486 Ι
1253 2423 1257 2434 ’

67 2515 328 2616 ignorantiam:
370 2513 556 2594 lectionem
596 2513 767 2592 librorum
813 2516 1125 2616 praestantissime.

65 2667 174 2733 rum,
199 2667 286 2740 quos
307 2655 443 2718 veteres
465 2643 613 2716 Romani
641 2642 768 2742 aliique
794 2655 912 2740 postea
940 2641 1042 2714 nobis
1072 2668 1127 2714 rea

64 2767 274 2870 liquerunt,
300 2767 407 2866 magis
429 2767 609 2868 magisque
637 2766 732 2840 abire
762 2766 800 2838 in
835 2766 1122 2840 desuetudinem:

66 2894 162 2974 levia
187 2907 223 2968 et
251 2874 391 2970 audacia
419 2892 620 2984 homiuum,
646 2894 706 2996 qui
723 2891 819 2966 haud
846 2917 945 2968 secus
966 2892 1124 2970 doctrina

66 3045 179 3123 quam
211 3033 321 3098 aetate
336 3039 339 3046 '
353 3021 484 3096 tirones
510 3021 603 3110 sint,
627 3020 799 3096 derebus
833 3021 968 3096 Divinis
991 3021 1123 3120 jutlicia
1244 3041 1249 3048 ·

67 3145 356 3222 increbrescere:
394 3146 645 3247 proclivitatem
686 3147 789 3248 hujus
833 3147 939 3223 seculi
977 3147 1022 3220 ad
1059 3175 1126 3222 nu-

67 3274 168 3346 titias
188 3270 369 3370 vulgares,
406 3297 496 3373 quae
528 3276 637 3375 pestis
668 3271 889 3354 exsecrabilis
921 3280 990 3376 jam
1017 3273 1123 3373 longe

67 3397 210 3499 lateque
230 3401 360 3502 serpit,
384 3424 447 3499 per
475 3399 539 3475 has
566 3426 702 3503 quoque
728 3401 885 3500 regiones
915 3402 1058 3498 gliscere
1086 3414 1123 3474 et
1212 3438 1215 3444 ·

64 3551 184 3624 aeque
206 3523 379 3601 bonorum
398 3552 438 3600 ae
459 3525 630 3600 malorum
654 3539 790 3603 mentes
817 3553 1061 3628 corrumpere,
1085 3542 1121 3612 et

69 3673 160 3752 quae
185 3649 287 3754 hujus
311 3653 445 3751 generis
468 3652 571 3752 plura
596 3667 690 3728 sunt.

122 3778 278 3854 Infausta
302 3779 399 3852 canis
423 3780 561 3852 omina!
597 3777 681 3869 sed,
707 3778 794 3854 heus
816 3783 870 3855 tu!
894 3783 924 3856 si
951 3782 1036 3856 haee
1062 3811 1124 3856 no-

70 3903 129 3978 bis
158 3906 369 3997 imminent,
394 3907 579 3980 imminent
603 3907 678 3980 sine
711 3904 821 3982 dubio
836 3981 840 3988 ,
853 3922 1051 4010 temporum
1077 3909 1127 3982 la·
1221 3890 1224 3896 ⁵
1306 3975 1309 3988 .

67 4027 141 4123 be,
165 4029 210 4108 ab
243 4031 347 4106 exilio
371 4057 452 4106 vero
479 4035 649 4113 sermonis
672 4036 812 4151 Latini,
848 4049 887 4110 ut
911 4049 949 4110 tu
981 4049 1140 4138 portau-¹
1209 4118 1213 4140 ,

68 4155 146 4246 dis,
172 4157 268 4231 nullo
290 4161 397 4240 modo
427 4159 614 4236 metuenda
640 4173 730 4238 suut.
1214 4247 1217 4258 ,

1063 4295 1127 4365 lle·
