2774 5022
224 356 276 428 ιι
336 345 398 420 Ρ
417 341 469 418 ιι
498 339 538 414 e
557 335 603 408 1
636 331 700 414 oe
718 329 815 428 ora
841 301 1154 428 parmaneant,

229 541 390 620 fraudem
420 533 506 612 facit
535 500 788 626 auditoribus,
818 532 860 622 ιιι
885 518 974 623 ipsi
988 516 1158 621 Scriptori
1185 517 1292 597 Sacro
1381 565 1382 600 1

229 645 386 754 mentem
411 663 560 738 alienam
577 636 754 754 affingere
758 649 973 738 doceantur3
996 641 1055 720 rel
1077 667 1136 722 eos
1160 645 1199 720 'm
1219 645 1294 746 opi-

186 791 187 794 *
229 801 375 897 nionem
394 790 550 890 inducit,
577 783 623 856 de
639 807 683 856 ,re
706 792 844 880 tantum
869 773 1022 874 hamam
1031 771 1119 872 agi,
1145 765 1203 844 cui
1229 771 1293 856 Di-

231 927 318 1002 vina
348 920 447 994 desit
457 913 670 1010 auctoritas·
697 917 733 980 et
761 902 909 1000 omnino
932 900 967 974 ιι
995 894 1059 972 illa
1085 909 1198 989 earet,
1224 923 1294 998 qua

230 1023 421 1134 hominum
443 1043 552 1118 anani
581 1037 799 1128 assieirmtur,
826 1029 857 1102 si
883 1038 1127 1126 argumentum
1154 1023 1196 1096 ιιι
1214 1023 1295 1123 pro

233 1179 401 1282 ponitur,
433 1167 527 1273 quod
558 1191 632 1238 non
662 1186 707 1234 ex
710 1156 876 1258 ingenio
908 1151 1051 1227 oratoris
1074 1149 1296 1254 profectum,

141 1395 147 1410 ,
234 1305 299 1406 sed
320 1299 460 1392 disertis
480 1293 594 1392 verbis
616 1289 730 1362 aDeo
748 1280 919 1408 ιιιιιιιιιιιι
934 1303 1009 1398 esse
1027 1277 1162 1356 vident.

696 1461 729 1564 r·
779 1399 839 1548 a

288 1645 450 1737 Deinde,
461 1655 502 1716 ut
520 1617 762 1726 necessitudo,
782 1623 877 1744 inter
895 1629 1088 1704 orationem
1106 1638 1143 1699 et
1162 1629 1301 1716 Literas
1379 1701 1382 1718 ,

241 1785 361 1856 Sacras
386 1767 630 1858 intercedens,
655 1761 815 1838 omnium
839 1757 996 1829 incurrat
1017 1755 1057 1826 in
1083 1751 1226 1850 oculos,
1248 1755 1302 1830 di·

241 1905 423 2010 ligentiam
445 1919 575 2000 ponere
597 1899 734 1990 oportet
751 1885 791 1960 in
808 1883 885 1956 loco
902 1879 1138 1993 inveniendo,
1164 1885 1230 1980 qni
1242 1909 1303 1954 ar-

242 2043 430 2136 grumento,
455 2019 550 2126 quod
581 2015 648 2091 sibi
679 2010 858 2086 constituit
889 2007 1036 2128 Orator,
1051 2009 1160 2106 pdene
1188 2023 1305 2087 etex

244 2186 341 2238 omna
336 2163 465 2278 parte
485 2145 717 2263 respondeat,
741 2141 828 2240 quin
847 2148 882 2210 et
882 2135 952 2207 iam
969 2133 1111 2207 nnllam
1130 2137 1234 2210 atiud
1248 2163 1305 2210 ιι-

248 2265 453 2386 gumentum
474 2257 649 2351 admittat.
698 2267 816 2339 Minus
841 2240 1025 2364 commoda
1046 2287 1130 2336 vero
1152 2276 1233 2338 sunt
1250 2261 1306 2336 Ιο-

197 2499 200 2508 ,
247 2439 313 2504 ca,
338 2435 381 2481 ex
403 2403 530 2508 quihus
548 2406 791 2498 argumentum
811 2416 885 2469 non
906 2389 975 2462 nisi
998 2389 1222 2490 imperfecte,
1243 2389 1325 2478 vel¹

249 2563 318 2685 per
333 2529 635 2651 ratiocinationum
655 2521 784 2595 seriem
805 2517 880 2590 erui
897 2527 1022 2616 potest

712 2690 855 2796 ιιι.

299 2864 484 2960 Ριιιιιιιι
507 2837 563 2949 his
587 2871 733 2962 diebus,
755 2893 832 2943 non
857 2891 878 2938 a
905 2867 1103 2941 Literarum
1123 2863 1310 2940 sacrarum
1381 2903 1382 2916 ι

250 3015 349 3104 loco,
374 3006 529 3082 multum
552 2998 784 3098 ambiguitatis
812 2994 872 3071 vel
890 2991 1109 3067 obscuritatis
1134 2989 1311 3084 habente,

252 3137 317 3216 sed
335 3137 401 3235 qni
423 3133 483 3206 ael
501 3127 603 3204 trulla
623 3126 686 3199 nel
706 3127 842 3224 exigua
865 3135 1007 3208 tantum
1026 3121 1314 3215 interpretatione
1381 3131 1382 3164 ³

251 3267 402 3364 indiget,
425 3258 588 3334 orationis
608 3255 749 3328 initium
772 3247 982 3350 capiendum
1002 3259 1076 3320 est:
1100 3270 1147 3318 ne
1166 3246 1316 3338 concio,
1381 3299 1382 3306 ι

220 3453 222 3457 ,
253 3420 319 3496 pro
340 3415 408 3492 qua
429 3385 577 3474 dicitur,
604 3379 649 3452 ab
662 3391 897 3476 argumento,
924 3371 1025 3477 quod,
1039 3397 1180 3460 omnem
1199 3373 1313 3458 animi
1381 3395 1382 3398 ¹

5 3517 6 3562 ι
178 3607 181 3613 Ι
254 3520 485 3616 attentionem
499 3510 565 3584 sibi
587 3503 756 3609 postulat,
784 3499 969 3602 cogitando
992 3512 1184 3594 avertatur,
1207 3514 1316 3600 atque

256 3644 364 3723 rebus
388 3668 485 3718 nunc
511 3637 635 3712 alienis
657 3647 795 3732 tempus
817 3625 994 3730 perdatur.

718 3788 748 3886 §.
799 3811 857 3884 27.

219 4000 220 4011 ι
309 3951 432 4056 Neque
446 3952 650 4038 Oratorem,
670 3944 804 4045 quoties
821 3941 894 4016 dies
907 3939 959 4012 illi
978 3938 1137 4013 solennes
1152 3935 1321 4028 redeant,

259 4085 373 4169 alium
392 4083 587 4154 Litcrarurn
605 4057 938 4159 Sacrarumdoanrn,
963 4092 1075 4167 aquo
1094 4065 1209 4140 dicere
1229 4065 1321 4134 inci·

505 4239 510 4288 r
697 4219 700 4224 ’
907 4211 910 4220 ’
1224 4189 1325 4288 piat,
1381 4193 1382 4196 ’
