2774 5022
17 4007 19 4050 q
140 4019 144 4026 v

117 329 421 434 ,ulte-111.
470 332 527 438 De
550 341 650 466 Oqat.
671 333 803 428 Sacrae
817 339 1002 438 partibusi
1054 357 1124 453 ιη’

524 540 585 640 §.,
613 565 666 612 ια.

126 695 287 768 Profecto
313 691 510 797 quemlibet
548 694 654 798 paulo
687 697 967 796 sapientiorem,
998 695 1060 774 ubi
1090 700 1131 776 in

72 825 135 898 vita
158 825 340 898 communi
369 846 469 895 aures
502 821 688 896 bominum
713 821 780 896 sibi
808 824 994 899 conciliare
1018 826 1128 924 velit,

74 975 260 1026 sermonem
275 975 330 1056 ,qa
360 975 430 1050 quo
451 949 618 1049 incipiat,
653 975 697 1024 ex
727 953 947 1053 propinquo,
983 978 1059 1030 non
1087 981 1132 1030 ex

17 1087 19 1200 q
73 1077 258 1179 longinquo
280 1089 401 1179 petere
423 1078 601 1154 novimus.
650 1079 745 1172 Quos
770 1104 851 1154 cum
870 1080 1027 1154 imitatur
1046 1081 1133 1161 Ora·
1208 1115 1210 1118 ·

17 1729 19 1772 Ι

17 1787 19 1828 l

73 1218 120 1296 tor
149 1205 277 1296 Sacer,
313 1207 343 1280 si
375 1231 431 1280 res
458 1203 564 1278 modo
596 1203 708 1280 dictes
743 1208 891 1280 orationi
918 1211 1137 1308 praemittit;

74 1345 141 1405 tuin
172 1359 256 1414 vero
283 1330 426 1409 exordio
452 1335 585 1426 utitur,
616 1338 715 1433 cujus
741 1347 955 1430 argumento.
976 1362 1050 1434 non
1077 1365 1133 1414 so·

76 1456 144 1536 lum
164 1461 256 1536 nihil
275 1462 385 1560 magis
403 1458 571 1562 populare
601 1473 637 1532 et
656 1457 874 1534 auditoribus
893 1463 1009 1536 omnis
1033 1489 1135 1566 gene·

77 1589 118 1658 ris
133 1585 339 1690 ordinisque
358 1584 659 1662 accommodatum
682 1601 755 1682 est,
781 1586 846 1678 sed
864 1590 988 1666 concio
1006 1593 1135 1686 etiam,

72 1739 172 1816 ,supra
205 1743 312 1817 quam
333 1715 409 1790 diei
433 1729 570 1818 potest,
596 1712 642 1812 ad
672 1712 890 1788 audiendum
916 1719 1071 1814 acuitur,
1095 1721 1136 1800 in

78 1854 244 1916 oratorem
267 1867 443 1946 propense
467 1842 639 1936 efficitur,
665 1847 794 1943 etjam
813 1839 857 1914 ab
881 1833 985 1920 initio
1006 1845 1053 1920 ad
1082 1871 1139 1922 re-

77 1971 118 2042 cti
140 1982 176 2041 et
196 1969 337 2046 honesti
359 1970 518 2046 studium
539 1968 744 2072 impellitur.
795 1972 911 2064 Quare
932 1974 1136 2052 mirandum
1164 2047 1166 2057 .

72 2121 142 2188 non
168 2111 243 2188 est,
280 2123 559 2190 nnuosruuunu,
593 2123 785 2192 eternorum
823 2097 980 2202 aliosque*
1013 2127 1136 2182 eorum

72 2221 233 2298 ‚aemulos
246 2228 296 2300 ita
325 2228 502 2302 orationes
521 2252 599 2302 suas
631 2249 792 2317 exorsos,
816 2249 1005 2332 eorumque
1026 2232 1136 2306 vesti-

78 2353 127 2446 gia
150 2351 243 2426 haud
263 2381 340 2426 raro
361 2369 499 2430 secutos
520 2381 596 2428 esse
608 2337 774 2426 'oratores
794 2355 948 2454 nominis
967 2355 1137 2437 Christia-

78 2480 130 2572 ni,
146 2493 317 2583 quotquot
339 2479 384 2554 ab
403 2485 547 2582 antiquo
567 2479 712 2556 dicendi
726 2479 831 2556 laude
849 2481 1016 2557 florerent
1039 2483 1134 2586 (†)

531 2657 561 2755 §-
616 2657 672 2730 13.

118 2811 188 2886 Sed
207 2839 332 2913 negare
354 2812 538 2906 nolumus,
565 2813 710 2888 Graecis
729 2827 766 2888 et
786 2815 977 2907 Romanis,
1001 2786 1062 2919 qui
1086 2803 1132 2894 de

80 2939 173 3015 rebus
210 2944 263 3015 sui
287 2943 454 3041 temporis
473 2940 642 3034 civilibus
672 2940 856 3034 dicerent,
881 2941 993 3019 multo
1025 2950 1134 3047 majo·
1256 2968 1257 2971 ¹
1309 2911 1311 2914 Ι
1369 2965 1370 2968 ’

80 3077 150 3142 rem'
171 3068 374 3170 hujusmodi
402 3083 687 3168 argumentorum
709 3069 817 3145 fuisse
846 3073 1002 3171 copiam,
1027 3103 1133 3176 qnam

82 3198 278 3272 Oratoribus
302 3197 416 3302 Samis
442 3197 518 3270 dari
540 3196 666 3290 solent,
692 3213 728 3271 et
751 3199 794 3274 iis
808 3196 953 3300 quidem
973 3226 1133 3300 praescr.-
1173 3304 1175 3308 .

27 3339 28 3347 ’
80 3328 156 3419 tim,
193 3327 254 3428 qui
282 3325 406 3398 crebro
428 3321 474 3397 ed
496 3323 689 3400 dicendum
715 3351 782 3426 pro
804 3327 975 3402 concione
1009 3345 1135 3409 vocent-

81 3468 145 3526 tur:
171 3454 301 3556 quibus
319 3453 444 3552 igitur,
470 3454 500 3526 si
520 3450 614 3526 nihil
636 3451 740 3552 hujus
765 3454 919 3551 generis,
945 3451 1040 3554 quod
1056 3444 1133 3556 per-

82 3607 156 3654 sona
179 3595 242 3656 sne
271 3583 351 3656 satis
377 3579 526 3680 dignum
553 3583 616 3673 sit,
651 3580 814 3655 invenire
841 3595 1012 3686 possunt,
1038 3580 1134 3658 haud

82 3707 176 3784 dubie
200 3706 421 3785 suadendum
450 3720 520 3799 est,
557 3720 597 3780 ut
626 3705 683 3781 vel
716 3733 740 3779 α
764 3707 946 3803 proverbio
980 3710 1133 3813 quodem

74 3839 267 3932 celebrum,
293 3833 351 3911 vel
372 3863 393 3910 a
415 3838 588 3909 sententia
612 3835 779 3936 sapientis
803 3833 946 3940 alicujus
967 3839 1032 3915 viri
1044 3895 1054 3931 ,
1078 3836 1132 3912 vel
1215 3869 1217 3876 ·

1088 3963 1134 4038 „b
1181 3981 1187 4003 .

111 4161 170 4236 (q)
186 4161 342 4220 iirnuoe.
359 4162 396 4219 de
416 4120 517 4220 inient.
536 4153 595 4213 Lib.
612 4155 634 4212 1.
652 4172 714 4232 cap.
728 4162 753 4228 4.
