2726 5022
183 429 232 509 P.
249 430 301 504 II.
327 433 366 506 C.
381 433 438 508 V.
487 431 545 502 De
569 432 667 502 Orat.
693 409 824 504 Sacrae
846 413 994 506 αὲιὲοιιο.
1053 442 1123 531 av)¹

72 628 284 731 singulares,
311 628 438 702 mentis
465 640 501 700 et
517 625 663 700 aedatae
687 626 814 726 judicia
837 641 873 699 et
900 631 1043 728 agitatae
1063 658 1123 707 vos

10 791 11 800 ι
69 771 140 848 ιι,ι
159 755 440 831 ratiocinationes
467 755 639 860 humanae
669 767 708 826 et
739 755 987 854 promissiones
1015 767 1122 855 atque

9 907 10 958 ξ
65 885 369 956 comminationes.
386 882 562 956 Divinitas
594 882 851 972 annuntiatae,
893 895 929 954 et
967 881 1121 963 diuersae

65 1009 231 1099 omnino,
257 1022 426 1110 quotquot
447 1010 487 1082 in
508 1009 625 1082 animo
643 1015 873 1098 enascuntur,
898 1007 1118 1108 affcctioneag

64 1133 122 1209 ubi
144 1159 184 1208 ae
209 1135 366 1208 invicem
389 1135 587 1234 excipiunt,
607 1137 654 1208 ita
671 1133 1035 1233 distinguenda'au‘nt,
1061 1151 1118 1229 ut,

65 1258 178 1332 media
199 1283 285 1334 voce
306 1263 400 1334 inter
427 1262 604 1336 elatiorem
627 1273 675 1333 οι·
692 1265 810 1359 magii
832 1263 1031 1355 depressam
1052 1287 1117 1362 per

62 1387 253 1476 orationem
281 1400 473 1483 regnante,
503 1413 599 1460 nunc
631 1385 740 1474 liaeo,
775 1413 870 1458 nunc
893 1385 954 1460 illa
982 1413 1053 1488 pro·
1075 1413 1115 1467 ea

7 1573 8 1608 ι
7 1510 312 1586 substituatur.
351 1512 446 1612 quod
479 1528 595 1586 tamen
629 1515 697 1586 nisi
725 1514 852 1584 sensim
883 1527 918 1586 et
951 1528 1115 1615 tanquam

7 1643 8 1720 i
63 1665 120 1740 per
143 1640 293 1739 graduS,
323 1665 390 1712 nec
413 1668 487 1714 non
508 1627 685 1712 moderate
653 1654 747 1712 tet
771 1667 831 1712 suo
855 1639 932 1712 loco
956 1644 1013 1732 fit,
1040 1667 1113 1715 ora-

61 1767 144 1840 tioni
166 1793 238 1838 non
268 1764 381 1840 solnm
404 1769 657 1867 perspicuitas,
684 1768 850 1848 suavitas
855 1781 890 1838 et
911 1766 1112 1860 efficacitas,

6 1775 9 1968 i
60 1919 144 1992 quae
168 1918 213 1966 cn
232 1906 327 1966 recta
346 1891 631 1968 distinctionem
655 1921 729 1966 eam
755 1890 975 2020 redundant,
1001 1892 1111 1976 detra

6 2018 213 2122 ¹};huntur
250 2018 312 2092 sed
338 2020 520 2094 hominum
547 2024 652 2094 etiam
684 2045 782 2100 aures
803 2019 978 2172 animique
1002 2021 1108 2120 magia

5 2193 7 2252 ι
58 2149 210 2224 minucie
236 2145 280 2220 ab
304 2171 344 2220 ea
364 2161 577 2224 avertuntur.

5 2253 7 2372 i
507 2305 646 2451 §39

103 2457 214 2560 Atque
235 2456 370 2532 iisdem·
380 2453 424 2530 de
450 2461 561 2532 causis
579 2457 684 2550 verba
695 2485 815 2561 ,quae
834 2421 1026 2584 longiorem
1048 2471 1107 2578 aut

56 2583 247 2672 breviorem
266 2587 394 2688 mentis
425 2589 668 2685 cogitationem
692 2589 760 2662 sibi
783 2569 992 2687 requirunt,
1016 2588 1106 2660 cele-

4 2643 6 2754 i
57 2717 140 2788 riore
172 2724 233 2786 aut
259 2719 380 2829 nangis·
402 2715 580 2788 retardata
608 2727 693 2788 voce
727 2743 746 2788 a
777 2729 892 2788 cetera
925 2716 1103 2806 oratione,

4 2795 6 2942 i
55 2843 105 2932 cui
130 2817 246 2914 media
271 2844 364 2932 inter
387 2855 570 2942 utramque
605 2846 716 2916 inesse
745 2839 875 2930 debet,
913 2837 1103 2937 distingue

4 2995 6 3016 ι
54 2995 88 3040 re
112 2995 254 3044 necesse
288 2982 363 3040 est:
392 2971 440 3058 ita
474 2983 514 3041 ut
543 2963 669 3070 Orator
701 2969 803 3042 Sacer
834 2968 990 3041 citatiore
1024 2981 1102 3066 tan·

4 3081 6 3120 5
53 3121 149 3212 quam
176 3121 279 3198 passu
300 3073 483 3198 procedat,
521 3097 550 3170 si
572 3098 654 3168 trita
675 3110 813 3168 enarrat
841 3109 877 3168 et
900 3093 1003 3194 vulgo
1038 3122 1101 3171 co-

4 3215 5 3300 }
49 3217 157 3321 gnita,
183 3221 239 3298 vel
259 3223 463 3312 concionem
491 3237 517 3296 a'
537 3223 724 3323 majoribus
752 3220 798 3293 ad
823 3220 959 3296 minora
983 3221 1098 3314 ducit,

4 3365 5 3374 ’
50 3340 104 3421 ιιι
124 3349 381 3454 vehementiore
405 3349 511 3421 animi
532 3350 641 3448 fertur
662 3349 864 3444 affectione;
892 3325 1099 3424 contrariam

4 3459 7 3474 ⁵
47 3467 127 3549 'vero
152 3479 280 3550 mentis
305 3475 544 3550 enunciandae
567 3480 735 3550 rationem
764 3477 858 3549 ineat
870 3533 884 3584 t
905 3477 933 3548 si
963 3470 1098 3550 audito·

4 3691 5 3694 ι
50 3600 139 3677 ribus
160 3607 278 3702 ignota
310 3603 482 3705 quaedam
509 3617 567 3700 aut
588 3602 760 3695 mirabilia
788 3604 975 3704 proponit,
1002 3603 1098 3679 vela
1153 3703 1158 3712 .

51 3728 234 3830 minoribus
257 3721 304 3803 ati
325 3735 456 3831 majora
480 3757 560 3805 cum
586 3732 633 3803 iis·
655 3729 856 3828 adscendit,
883 3730 939 3805 vel
967 3756 1008 3828 en
1036 3755 1097 3833 pe-

49 3865 136 3928 ctore
159 3859 276 3931 minus
296 3846 419 3956 agitato
449 3855 550 3930 dicit.
600 3853 670 3932 Sed
700 3861 878 3930 cautiones
899 3883 1001 3958 supra
1025 3883 1097 3934 me·¹

48 3999 188 4058 moratas
225 3986 282 4058 hic
317 3985 436 4057 etiam·
459 3982 675 4057 adhibendas
710 4011 809 4077 esse,
846 4009 900 4058 res
935 3987 1011 4088 ipsa
1043 3983 1096 4058 lo·

44 4109 165 4205 quitur.
259 4176 288 4186 ..

546 4310 577 4380 0
606 4309 627 4381 5
967 4314 999 4396 ἓ.
1034 4316 1093 4407 [10.
