2774 5022
244 315 251 334 ’
279 347 345 406 roo
395 325 441 397 P.
464 319 514 397 ll.
543 323 582 398 C.
604 324 635 394 1.
684 305 738 393 De
767 319 865 392 Orat.
893 317 1023 395 Sacrae
1047 299 1206 436 motenila

726 515 757 613 t
809 513 869 596 62·
918 549 920 556 ι

303 675 412 752 *Sunt
432 655 598 776 quidem,
617 670 678 770 qui
702 667 770 741 hoc
789 672 1041 768 interpretandi
1058 645 1237 771 negotium
1255 648 1332 746 dra·

271 805 362 881 tioni
379 803 500 876 Sacrae
527 796 637 895 frigus
657 820 697 868 ao
723 795 941 872 sterilitatem
969 799 1098 872 inferre
1115 811 1151 870 et
1167 797 1332 900 eloquenae'

272 935 342 1009 tiae
363 930 435 1005 veri
461 923 616 1000 nominis
642 919 778 998 officere
800 926 1003 1026 opinentur:
1042 923 1119 1000 sed·
1137 924 1228 999 hanc
1256 928 1332 1026 opi·

274 1059 442 1145 nionem,
465 1063 525 1126 aut
547 1071 708 1151 perversa
733 1051 801 1123 niti
829 1048 1047 1153 eloquentiae
1071 1052 1331 1145 aestimatione,

275 1197 338 1260 aut
359 1176 653 1280 interpretationis
673 1174 773 1249 erilis
795 1178 976 1278 gravisque
997 1177 1195 1253 confirsioni
1220 1177 1330 1253 debe-

273 1311 330 1403 ri,
353 1303 533 1406 ¹exemplo
565 1326 628 1374 suo
662 1299 793 1376 docent
824 1327 1077 1379 cnarsosrouus
1107 1304 1233 1406 aliique
1265 1305 1330 1380 viri

274 1436 427 1526 summi,
459 1429 545 1537 qui,
581 1430 621 1502 in
653 1428 870 1531 explicandis
900 1429 1117 1533 Scriptorum
1145 1432 1328 1506 Sacrorum

273 1545 453 1639 mentibus
475 1569 676 1649 versantes,
700 1549 1014 1660 incomparabilem
1034 1555 1180 1658 dicendi
1197 1559 1271 1635 rim
1292 1583 1329 1629 o·

273 1685 507 1766 canderent:
531 1693 569 1758 et
593 1686 624 1759 si
655 1683 713 1760 vel
734 1683 924 1758 fatendum·
941 1686 1009 1776 sit,
1033 1709 1077 1758 cx
1104 1683 1172 1758 hoc
1191 1683 1330 1760 dicendi

276 1835 403 1916 genere
437 1834 692 1914 nonnunquam
719 1809 861 1884 auribus
894 1809 998 1910 paulo
1028 1810 1203 1913 minorem
1232 1810 1330 1888 volu*

272 1954 408 2045 ptatem
427 1965 533 2039 quam
560 1935 702 2012 aliunde
729 1935 939 2037 sperandam
968 1945 1066 2030 esse;
1092 1941 1195 2040 quis,
1210 1958 1212 1968 ’
1228 1965 1331 2041 quae·

152 2087 154 2091 ’
187 2073 193 2086 ’
275 2069 338 2146 so!
363 2091 445 2140 cum
474 2063 585 2140 levius
616 2061 704 2138 illud
734 2060 949 2169 desiderium
976 2063 1139 2140 utilitatis
1169 2067 1271 2168 copia
1299 2081 1332 2140 et

275 2192 434 2271 ubertate
458 2192 541 2267 satis
560 2213 732 2293 superque
751 2179 1015 2300 compensetur,
1039 2215 1166 2292 negare
1173 2189 1331 2269 “tandem

276 2321 466 2412 sustineat,
496 2314 677 2394 neminem
705 2315 751 2390 ad
783 2313 1001 2404 auditoribus
1026 2317 1331 2418 persuadendum,

276 2460 318 2524 ut
332 2445 492 2522 homines
512 2469 593 2520 vere
611 2443 800 2517 Christiani
820 2445 915 2535 sint,
940 2437 1047 2541 magis
1062 2447 1217 2548 apposite
1237 2446 1344 2538 dice.x

276 2585 338 2669 re,
364 2599 470 2676 quam
492 2571 690 2650 literarum
708 2569 892 2646 Sacrarurn
911 2555 1140 2672 interpretem
1164 2573 1260 2676 (†).
1350 2561 1353 2566 ’

737 2725 767 2826 §-
816 2727 915 2800 cs„

290 2863 293 2868 ⁵
327 2887 364 2960 Si
391 2886 469 2987 quis
495 2898 613 2961 autem
638 2883 776 2976 officio,
809 2884 1009 2956 Literarum
1029 2883 1212 2966 Sacrorum
1235 2888 1332 2984 loca,

151 3011 153 3014 ’
280 2987 368 3126 duae
384 3012 635 3115 interpretetur
645 3017 661 3102 ,'
670 3008 862 3113 quaerendi
880 3021 915 3082 et
936 3009 1088 3110 eligendi
1104 3012 1194 3090 bene
1213 3031 1248 3090 et
1260 3017 1331 3092 lau·

279 3138 443 3218 debiliter
460 3139 560 3238 fungi
580 3139 680 3238 cupit
692 3161 702 3230 ;
715 3139 912 3212 ‚canemus
931 3140 1080 3214 maxime
1096 3145 1187 3217 ratio
1205 3143 1334 3220 haben·

256 3267 326 3346 da
349 3279 424 3360 est,
446 3278 487 3339 ut
510 3263 725 3361 identidem,
750 3276 827 3338 tum
859 3264 894 3338 V
890 3249 992 3340 erent
1016 3281 1051 3341 et
1083 3269 1181 3345 Novi
1213 3273 1334 3346 Testa·

280 3399 392 3470 menti
414 3391 512 3486 loca,
543 3404 621 3466 tum
646 3415 734 3491 quae
766 3389 923 3466 historici
958 3406 994 3466 et
1020 3392 1108 3468 alius
1143 3400 1336 3498 argumenti

283 3533 389 3616 sunt,
419 3533 497 3622 tum
523 3517 689 3618 longiora,
704 3528 740 3590 et
758 3513 945 3622 breviora,
977 3532 1053 3594 tum
1077 3519 1230 3624 denique
1257 3526 1337 3598 faci·

1278 3649 1336 3724 lio·

251 3892 254 3898 ,
318 3839 381 3914 (ts)
403 3837 525 3912 legatur
543 3844 657 3912 praeter
676 3853 962 3911 accusauerat,
981 3838 999 3896 l.
1016 3857 1041 3900 c.
1068 3863 1098 3921 p.
1114 3850 1146 3925 ,tn
1170 3865 1231 3923 sqq.
1256 3845 1336 3902 alios·

285 3941 357 4006 que,
377 3946 439 3986 vsa
459 3944 522 3980 on
538 3943 629 3980 raum
654 3925 682 3980 in
703 3933 775 3980 orat.
793 3925 828 3982 de
840 3929 962 3986 Oratore
979 3931 1089 4003 Sacro,
1108 3938 1267 3993 literarum
1283 3938 1336 3990 Di·

287 4025 413 4077 otacrum
435 4021 597 4091 interprete,
614 4013 777 4089 praesertim
797 4033 825 4090 p.
847 4021 880 4074 ¹3
901 4036 964 4093 sqq·
983 4020 1151 4098 qtribuscum
1175 4043 1204 4083 se
1222 4042 1340 4084 consen«

289 4109 341 4165 tire
365 4104 525 4186 urrperrime
548 4100 713 4178 significavit
733 4123 862 4178 asana,
881 4126 909 4183 p.
928 4112 969 4167 15.
1008 4121 1010 4128 ’
