2774 5022
174 359 226 436 ιιι
246 359 298 437 u.
323 361 364 436 a.
388 361 420 434 r.
470 359 529 432 ne
555 361 654 436 orat.
678 341 992 440 samosateno:
1068 371 1119 468 9³

75 560 195 660 ingenii
233 555 434 660 displiceat,
472 579 576 658 saepe
605 581 652 629 ne
684 556 943 657 sagacissimum
971 562 1115 664 quidem

24 761 29 778 ,
74 687 152 766 valet
172 687 303 760 mentis
326 705 487 758 acumen.

523 837 553 937 t·
603 835 665 930 a·

113 997 158 1072 At
185 1019 287 1088 vero,
311 1007 352 1068 ut
374 993 538 1068 orationis
564 991 688 1064 Sacrae
708 994 852 1068 materia
876 998 949 1097 jure
973 1024 1034 1073 suo
1056 1029 1118 1080 au.

76 1122 238 1198 ditoribus
270 1117 338 1195 dici
370 1119 479 1222 possit
506 1115 786 1211 accommodata,
818 1119 1015 1198 adhibenda
1039 1154 1120 1205 cau·

74 1253 115 1325 tio
135 1263 215 1342 est,
245 1247 413 1348 nequis,
438 1257 610 1319 extentae
637 1243 822 1320 bominum
845 1253 1037 1328 conditioni
1063 1257 1116 1330 ni-

75 1381 176 1452 mium
205 1373 384 1464 tribuens,
422 1396 459 1445 se
484 1369 530 1442 ad
559 1369 719 1470 iniquum
741 1373 786 1446 de
812 1375 856 1448 iis
877 1374 1050 1479 judicium
1070 1367 1118 1456 fe-
1190 1405 1196 1420 ³

17 1503 18 1576 ἰ
74 1502 214 1577 rendum
247 1501 372 1577 induci
404 1499 565 1600 patiatur.
615 1498 730 1590 Quem
762 1502 801 1573 in
832 1525 986 1577 errorem
1015 1531 1046 1582 e.
1083 1533 1116 1583 c.

17 1603 18 1696 l
75 1627 275 1721 incidimus,
301 1629 331 1702 'si
354 1650 433 1717 eos,
458 1624 519 1727 qui
545 1648 589 1696 ex
607 1625 715 1725 stirpe
739 1624 910 1701 nobiliore
927 1634 995 1706 orti
1016 1649 1118 1728 sunt,

17 1827 18 1862 ,
75 1753 123 1829 vel
144 1757 192 1828 in'
213 1778 337 1852 regum
368 1753 637 1856 principumque
665 1750 753 1825 aulis
778 1769 979 1850 versantur,
1014 1759 1119 1862 vulgo

17 1875 18 1920 l
76 1906 184 1956 rerum
201 1879 411 1958 Divinarum
429 1877 642 1982 peritiores,
659 1903 765 1980 mam
786 1878 870 1954 alios
898 1907 974 1957 esse
1001 1887 1120 1987 opina-

75 2033 153 2084 mur.

522 2102 553 2202 §-
601 2101 661 2204 lo
695 2141 699 2148 ·

116 2265 163 2337 Et
180 2287 387 2366 quamquam
406 2257 493 2334 haec
512 2259 657 2334 materia
677 2257 893 2336 auditoribus
913 2264 961 2336 ita
982 2290 1118 2342 accom-

75 2389 241 2466 modanda
266 2403 342 2480 est,
365 2379 496 2460 utnon
515 2385 628 2460 solum
651 2384 698 2459 ad
719 2389 888 2483 virtutes,
915 2389 1042 2494 quibus
1063 2420 1120 2472 ca·

33 2567 38 2576 -
75 2533 165 2610 rent,
189 2514 429 2618 impellantur,
454 2506 517 2588 sed
541 2512 648 2586 etiam
666 2513 851 2609 vitiorum,
883 2543 969 2619 quae
997 2544 1118 2595 eorum

76 2645 207 2745 propria
228 2654 328 2734 sunt,
352 2641 501 2717 vinculis
524 2638 722 2736 solvantur3
747 2640 868 2714 sedulo
895 2657 1012 2744 tamen
1039 2670 1119 2746 per·

75 2768 294 2870 pendendum
315 2781 383 2862 est,
407 2767 585 2877 quomodo
600 2769 695 2840 vitia
712 2765 782 2840 illis
802 2765 938 2854 obviam
951 2770 1118 2870 ,eundum

75 2902 137 2991 sit,
160 2911 281 2987 recta,
306 2922 351 2968 an
373 2892 537 2996 oblique?
569 2891 776 2993 Saepissime
805 2895 919 2988 enim,
944 2897 974 2969 si
994 2895 1118 2972 Orato-

75 3037 157 3098 tores
176 3019 272 3098 Sacri
297 3045 334 3096 se
367 3034 463 3095 recta
483 3021 539 3096 via
565 3019 785 3120 perversitati
808 3019 990 3097 hominum
1011 3010 1141 3127 oppo-¹

75 3165 179 3244 nunt,
203 3163 341 3224 tantum
369 3146 490 3221 abesse
518 3147 702 3239 novimus,
728 3161 768 3220 ut
793 3149 900 3224 animi
925 3176 1046 3226 eorum
1070 3151 1116 3226 ad

20 3355 22 3408 t
76 3275 252 3350 honestum
271 3273 476 3365 flectantur,
496 3286 537 3346 ut
554 3271 718 3346 adversus
736 3272 826 3348 illud
844 3275 1039 3352 reddantur
1056 3279 1118 3353 ob

20 3437 22 3498 ι
77 3403 280 3476 stinatiores:
306 3397 404 3502 quod
428 3401 641 3500 experientia
665 3401 779 3475 edocti
806 3417 906 3492 sunt,
929 3405 990 3505 qui
1020 3431 1051 3477 e.
1082 3429 1115 3480 c.

20 3507 22 3556 t
76 3544 231 3627 regnante
248 3531 341 3604 inter
356 3527 514 3600 homines
534 3551 613 3599 suae
638 3555 740 3602 curae
757 3527 981 3603 demandatos
1005 3529 1120 3605 ebrio-

21 3713 23 3804 μ
67 3629 193 3749 ssiute,
228 3653 337 3730 talem
366 3653 434 3730 sibi
458 3669 652 3728 sumserunt
675 3654 821 3730 dicendi
841 3658 1046 3751 materiam,
1078 3671 1119 3731 ut

21 3809 23 3884 l
77 3778 133 3854 hac
166 3787 206 3857 in
236 3785 401 3885 pravitate
438 3779 640 3880 exagitanda
677 3795 713 3854 et
743 3781 927 3862 sobrietate
958 3785 1117 3860 concioni

77 3907 344 3988 commendanda
364 3908 429 3983 toti
446 3905 519 3984 lere
546 3901 774 3987 versarentur.

935 4117 953 4176 ³
977 4204 1005 4302 ς.
1056 4162 1115 4276 50'.
