2860 5022
268 317 317 416 os
414 316 460 390 r.
477 313 508 390 1.
536 312 668 390 crus.
715 311 774 394 De
795 309 962 400 annuo,
988 309 1197 410 quautam
1228 265 1231 275 ’

732 508 761 606 §.
816 507 869 582 16.

326 667 441 768 Atque
461 677 592 740 veteres
623 663 812 762 generatim
841 662 947 767 hujus
979 663 1169 737 sententiae
1201 665 1335 763 fuisse,

276 806 354 866 tum
378 818 421 864 ex
445 817 486 864 eo
509 789 757 888 intelligimus,
791 787 885 890 quod
901 815 1159 876 ,numosrununm
1182 807 1218 866 et
1242 821 1333 870 cres-

278 943 395 994 aonam
418 931 560 1018 propter
577 915 660 1007 illa,
694 941 781 1018 quae
801 913 952 988 dicendo
967 917 1173 1008 effecerant,
1205 929 1334 1002 ceteris

276 1043 436 1118 omnibus
462 1041 653 1118 oratoribus
676 1041 952 1143 anteponebant;
986 1057 1126 1130 tumen
1150 1057 1332 1128 communi

275 1171 363 1264 fere,
379 1194 500 1244 eorum
531 1169 688 1272 judicio,
733 1167 969 1269 eloquentiam
1007 1197 1180 1272 nusquam
1212 1178 1335 1276 vigere

273 1321 397 1398 posse,
434 1297 503 1368 nisi
536 1297 575 1368 in
606 1295 741 1381 civitate
768 1295 878 1368 libera
911 1295 998 1396 (ql).
1060 1297 1188 1372 Eidem
1213 1318 1332 1384 autem

276 1422 469 1495 sententiae
488 1424 700 1496 recentiores
729 1421 910 1516 homines,
935 1437 1106 1526 quotquot
1120 1452 1239 1504 veram
1246 1457 1333 1526 per-

276 1548 453 1646 suadendi
483 1549 661 1644 notionem
685 1553 831 1622 assecuti
861 1561 986 1642 erant,
1025 1549 1198 1630 calculum
1229 1583 1334 1635 suum

276 1672 518 1780 adjecerunt(
556 1677 583 1776 ).

731 1832 763 1930 t·
818 1855 871 1932 17·
1103 1917 1105 1924 .

323 1985 575 2061 Persuadent
607 1991 736 2087 nempe¹
767 1983 1021 2088 appellatione,
1061 2014 1149 2090 quae
1173 1991 1332 2104 arnlqigua

276 2121 349 2203 est,
372 2139 445 2186 uon
462 2111 736 2214 qualemcunque
754 2112 899 2186 modum
920 2111 1095 2187 auditores
1116 2115 1161 2188 ad
1177 2135 1332 2197 nostram

275 2238 495 2319 voluntatem
516 2237 680 2314 flectendi
700 2241 957 2339 significamus3
994 2239 1056 2312 sed
1083 2267 1124 2315 ea
1146 2258 1330 2352 utrumque

275 2367 624 2468 comprehendimus,
649 2365 744 2468 quod
764 2367 803 2438 in
826 2393 985 2440 sermone
997 2369 1190 2442 *vernaculo
1211 2373 1331 2449 verbis

274 2500 475 2595 overtur'gen
495 2507 531 2566 et
554 2493 739 2568 overreden
762 2488 921 2568 denotari
944 2492 1047 2566 solet:
1074 2497 1121 2568 ita
1146 2510 1186 2569 ut
1212 2515 1330 2574 orator

249 2713 252 2722 ,
276 2650 297 2697 a
319 2623 422 2698 nobis
438 2621 656 2720 persuadere
675 2617 828 2712 dicatur,
854 2645 936 2692 cum
956 2614 1131 2696 auditores
1153 2621 1265 2700 flectit
1284 2629 1330 2703 ad

278 2751 450 2852 agendum
464 2748 580 2842 illud,
605 2746 700 2852 qnod
719 2749 764 2822 iis
783 2743 916 2820 bonum
937 2771 1011 2822 esse
1031 2747 1202 2850 probavit

1192 2950 1223 3048 ξ.
1279 2959 1334 3028 18.

279 3166 339 3209 ure
356 3143 459 3223 probat
484 3139 672 3209 sententiam,
689 3155 749 3193 non
770 3137 941 3198 athletarum
959 3149 1057 3213 toros,
1082 3141 1133 3198 s'ed
1150 3143 1272 3202 militum
1288 3145 1331 3202 la·

277 3245 370 3296 certos
387 3233 424 3292 ab
449 3243 561 3290 oratore
580 3227 755 3288 adhibendos
778 3247 855 3303 esse,
884 3241 914 3286 et
936 3251 957 3286 s.
973 3248 1001 3287 a.
1018 3250 1135 3299 vivus,
1162 3233 1198 3290 de
1220 3240 1333 3294 ratione

278 3325 392 3390 dicendi
407 3323 469 3380 Lib.
486 3325 522 3377 ll.
538 3341 566 3397 p.
583 3339 620 3378 m.
641 3325 699 3376 161.

312 3413 378 3492 (†)
393 3415 468 3477 Vide
487 3431 560 3487 quos
577 3409 758 3470 excitavimus
779 3409 811 3466 in
831 3403 917 3485 hujus
939 3405 1007 3465 libri
1020 3409 1151 3466 Introitu.
1168 3413 1192 3483 §-
1209 3417 1237 3473 8,

313 3507 378 3583 (⁴¹)
395 3507 520 3571 Bnnru,
544 3499 562 3558 l.
583 3520 605 3558 c.
623 3521 652 3576 p.
672 3504 788 3574 671sqq.
816 3499 1188 3576 anunnuu,gesprelken
1208 3517 1274 3560 over
1297 3505 1337 3563 de

215 3609 217 3614 ’
280 3594 537 3674 welsprekendbeid
556 3598 587 3650 in
605 3592 651 3648 tet
672 3587 811 3668 algemeen
828 3607 863 3646 en
884 3592 1007 3648 ceordic
1028 3609 1089 3647 van
1110 3591 1164 3646 den
1186 3591 1285 3651 kansel
1300 3599 1334 3651 ὑπ’

281 3691 330 3747 Iret
348 3686 499 3762 bijronder.
516 3704 544 3760 p.
562 3687 594 3740 53
610 3700 670 3756 sqq.
688 3677 783 3755 ibique
802 3699 962 3752 scantur,
983 3699 1012 3756 p.
1028 3684 1059 3737 26
1082 3699 1143 3755 sqq.
1173 3701 1333 3754 scuorr,

278 3777 301 3838 l.
317 3797 339 3836 c.
357 3797 385 3854 p.
406 3779 456 3834 113
476 3794 537 3850 sqq.
554 3771 665 3847 aliique.
691 3769 828 3826 Ceterum
844 3771 1001 3826 notandum
1021 3780 1081 3840 est,
1098 3768 1215 3826 hicnon
1232 3772 1336 3830 lauda.

279 3866 307 3928 ri
326 3869 509 3944 eloquentiam
529 3865 704 3930 universam,
723 3859 773 3917 sed
795 3863 967 3929 oratoriam,
986 3877 1071 3936 quam
1092 3868 1241 3934 utramque
1258 3858 1337 3918 bene

280 3956 409 4016 distinxit
435 3975 502 4017 vnn
529 3972 595 4010 nna
623 3967 737 4021 rann,
766 3950 990 4028 Redevoeringen
1020 3966 1055 4005 en
1085 3949 1333 4028 Verlandeliagcn.

277 4033 365 4126 Xera·
381 4053 406 4107 1.
432 4067 463 4126 p.
484 4049 538 4122 49,
558 4043 606 4116 50,
620 4059 668 4114 7¹,
688 4043 720 4111 73
739 4057 802 4116 sqq.

1404 2489 1406 2602 l
