2752 5022
282 417 354 512 fr7a
403 407 450 484 Ρ.
472 413 523 484 11.
552 411 591 487 C.
612 411 679 484 IV.
728 413 783 484 De
811 411 909 482 Orat.
935 409 1065 484 Saorao
1086 413 1252 490 diutione.

279 633 417 711 quoque
434 607 614 680 hominum
628 633 693 707 pro
711 605 844 682 viribus
855 609 926 681 suis
945 605 1126 683 excolendi
1139 635 1172 684 er
1160 610 1361 686 deman·

277 735 398 812 datum
422 748 496 808 est:
523 733 628 834 hujus
645 747 762 806 autem
783 733 889 807 officii
912 731 1132 834 explendi
1099 761 1193 810 vlam
1214 763 1254 811 eo
1277 755 1332 812 tu

276 864 347 936 tius
367 839 503 961 ingredi
523 873 661 962 potest,
690 885 759 959 quo
779 862 910 934 certius
936 872 1089 952 constat,
1113 875 1255 937 tantum
1274 865 1329 938 air
1361 883 1362 886 ’

277 1013 370 1082 esse,
395 1001 436 1061 ut
465 988 573 1068 dictio
591 1011 712 1061 revera
737 985 832 1058 culta
853 990 1138 1092 perspicuitatem
1165 989 1330 1098 quodam·

275 1113 379 1212 modo
417 1117 632 1204 imminuat,
661 1127 701 1186 ut
730 1139 809 1189 eam
837 1116 1064 1194 vehementer
1092 1129 1215 1214 augeat
1239 1116 1328 1215 (†).

732 1303 761 1401 ι.
811 1303 870 1378 75.

321 1477 401 1549 Duo
427 1476 530 1574 igitur
561 1475 793 1578 improbanda
818 1492 918 1570 sunt,
950 1473 1061 1550 uerba
1094 1475 1260 1579 objecta,
1298 1493 1329 1551 et

271 1606 465 1690 sententiae
496 1606 670 1680 triuiales:
710 1605 836 1708 quibus
876 1605 968 1676 notis
1009 1603 1214 1702 insignitum
1254 1619 1327 1700 est,

272 1727 444 1830 quidquid
473 1731 648 1805 familiaris
679 1747 817 1826 tentum
848 1729 1000 1805 admittit
1038 1731 1221 1804 hominum
1249 1759 1329 1805 con·

271 1856 442 1952 auetudo,
469 1855 524 1952 vel
546 1861 706 1952 nonnisi
727 1859 764 1930 in
788 1881 847 1929 ore
878 1869 913 1928 et
932 1881 1092 1932 sermone
1117 1855 1233 1957 plebis
1256 1883 1325 1931 esse

271 1982 374 2058 solet.
423 1983 597 2076 Quoniam
620 1996 737 2058 autem
762 1981 923 2078 nonnulli
942 1983 1034 2056 hanc
1054 1971 1199 2056 demum
1217 1973 1326 2086 popu·

270 2109 442 2185 latitatem
469 2113 540 2186 veri
562 2111 713 2184 nominis
742 2137 816 2185 esse
838 2117 993 2214 jactant,
1016 2111 1162 2209 quaein
1185 2111 1324 2216 plebelo

268 2236 328 2338 iilo
358 2237 501 2312 dicendi
533 2261 658 2337 genere
682 2235 750 2310 sibi
774 2236 935 2339 placeat3
965 2236 1151 2310 Oratorem
1181 2237 1321 2310 Sacrum

146 2425 148 2432 .
269 2363 420 2460 multum
451 2391 574 2440 cavere
604 2378 760 2466 oportet,
798 2390 844 2436 ne
879 2365 1061 2464 jactatione
1090 2387 1210 2460 eorum
1229 2364 1321 2437 sran-

269 2487 350 2564 dem
375 2491 441 2564 sibi
466 2493 541 2565 fleri
573 2493 724 2591 patiatur
749 2491 832 2588 (⁸⁸).

727 2688 758 2785 ᾗ.
809 2686 868 2774 26.

312 2879 365 2952 Ab
390 2882 493 2955 altera
517 2907 598 2955 vero
618 2894 716 2980 parte
739 2880 867 2951 Orator
891 2882 995 2952 Sacer
1016 2876 1082 2950 sibi
1108 2902 1232 2950 cavere
1262 2875 1320 2948 de·

264 3002 344 3094 bet,
367 3028 422 3078 ne'
440 3010 548 3082 nimio
578 3008 739 3080 dictionis
771 3005 883 3078 cultae
910 3003 1046 3094 studio,
1072 3018 1130 3076 aut
1156 3003 1321 3076 Phanto'·

229 3211 230 3218 7
264 3129 354 3198 sium
377 3129 589 3231 'sensumque
614 3134 804 3234 impediat,
831 3132 1017 3231 quominus
1040 3132 1082 3203 iis
1115 3128 1160 3200 ad
1185 3131 1321 3203 Oratio-

264 3277 348 3344 nem
376 3259 656 3359 componendam
690 3259 894 3360 adjuvetur3
940 3273 999 3342 aut
1026 3258 1219 3332 orationem
1248 3261 1321 3354 jam

264 3384 491 3480 compositam
521 3411 629 3486 usque
652 3385 739 3457 adeo
760 3387 879 3458 limare
908 3399 1045 3486 pergat,
1076 3381 1191 3458 donec
1219 3365 1321 3462 oinna

264 3507 498 3612 exstinguatur
525 3499 709 3584 'sublime:
742 3511 836 3614 quod
866 3509 925 3584 ubi
957 3512 1150 3614 reperitur,
1187 3507 1320 3604 dictio,

263 3630 396 3720 etiamsi
425 3638 508 3717 uitia
539 3637 707 3720 nonnulla
732 3639 764 3722 ei
793 3636 1026 3729 adhaereant,
1062 3637 1172 3722 multo
1209 3637 1320 3732 magia

1269 3787 1323 3832 nr·

287 3969 351 4060 (Τ)
382 3973 591 4062 Tarruteni«,
616 3999 644 4056 p.
664 3981 731 4048 267,
752 3984 808 4036 263.
835 4001 932 4048 naun,
950 3999 977 4054 p.
998 3983 1055 4035 301.

295 4061 331 4129 i*
344 4059 445 4130 )Grs
434 4085 535 4122 sarar
543 4071 742 4146 ,.t.pao3sq1
773 4087 964 4135 urantur,
987 4065 1086 4142 pmatiss
1115 4076 1325 4136 uonuzotr,

257 4153 428 4226 p.153sqq
458 4177 572 4212 annon
583 4176 782 4250 „parrsqrn
820 4175 1011 4228 urrunnun,
1029 4153 1136 4236 75173
1159 4157 1214 4222 175·
