2774 5022
146 471 148 474 ι
208 377 254 451 Ρ.
273 376 327 452 ΙΙ.
355 374 395 450 C.
418 376 480 450 11.
530 376 586 449 De
611 375 711 450 orat.
736 371 871 450 Sacrae
880 373 1022 474 forma.
1079 405 1147 485 rop

551 571 584 669 ξ.
638 569 693 646 1'5.

143 709 321 804 Orationis
340 726 463 800 Sacrae
484 725 738 822 simplicitatem
764 725 826 802 alii
848 725 953 804 aliter
977 731 1153 834 explicue-

96 871 178 931 runt
203 855 308 956 (†):
334 854 435 928 nobis
457 878 541 928 vero
561 855 637 952 ejus
661 865 737 927 turn
754 855 878 948 stilus,
903 855 948 928 de
970 883 1039 961 quo
1058 861 1152 936 infra

24 979 26 1116 p
95 980 285 1058 dicendum
308 979 396 1075 eri't,
422 995 495 1055 tum
512 981 643 1080 form
665 973 736 1058 hac
761 982 889 1057 virtute
914 987 1027 1060 nitere
1049 1010 1152 1090 posse
1172 1017 1177 1029 ⁸

24 1121 26 1212 t
95 1110 242 1186 ridetur.
291 1113 463 1186 Formam
488 1106 658 1182 habemus
687 1109 901 1207 simplicem,
939 1113 969 1187 si
1001 1113 1153 1214 singulae

24 1223 25 1242 ¹
63 1295 66 1308 .
95 1240 257 1315 orationis
274 1253 392 1339 vpartes
408 1235 556 1312 naturali
578 1232 729 1337 quadam
747 1237 938 1329 facilitate,
962 1252 997 1313 et
1017 1261 1059 1314 ex
1074 1243 1158 1316 uni-·

96 1391 192 1442 verso
208 1364 366 1469 pendent
383 1377 609 1464 argument0,
637 1376 673 1436 et
691 1365 785 1439 inter
803 1391 840 1440 se
858 1391 1034 1440 connexae
1057 1382 1150 1443 sunt.
1248 1341 1253 1352 ⁸

553 1519 583 1618 a.
641 1519 695 1594 16.

140 1678 224 1753 Non
255 1679 416 1780 sequitur
439 1677 568 1776 igitur,
605 1669 769 1752 orationis
791 1678 945 1770 formae,
979 1681 1036 1756 cui
1068 1649 1156 1758 insit

72 1793 74 1806 ¹
98 1809 337 1896 concinnitas,
363 1805 478 1876 inesse
498 1826 636 1905 quoque
664 1803 941 1900 simplicitatem:
968 1809 1075 1882 immo
1093 1807 1151 1882 ve-
1187 1847 1194 1868 ι

98 1957 134 2006 ro
158 1931 382 2028 supinitate
406 1943 524 2023 caret,
548 1929 578 2002 si
603 1943 676 2004 tam
701 1925 805 2029 longe
831 1933 988 2035 quaesita*
1014 1947 1086 2031 est,
1110 1948 1151 2010 ut
1276 1979 1281 1987 =

96 2055 216 2158 vulgus
245 2057 431 2134 hominum
454 2081 551 2154 aegre
578 2080 617 2128 ac
642 2053 828 2132 difficulter
851 2057 1041 2158 intelligat,
1067 2087 1152 2164 quo·

98 2184 198 2260 modo
231 2183 384 2284 singulae
414 2196 554 2286 partes,
585 2195 622 2257 et
649 2183 744 2256 inter
774 2209 811 2256 se
843 2184 1076 2281 cohaereant,
1115 2201 1153 2261 et

98 2335 176 2384 cum
201 2313 363 2389 universo
389 2321 603 2408 argumento.
660 2307 768 2405 Quod
795 2323 835 2384 ut
866 2309 945 2411 plus
975 2313 1084 2386 semel
1112 2341 1150 2388 se

97 2435 230 2538 prodit,
254 2437 334 2532 ubi,
358 2437 464 2512 missa
490 2437 677 2530 concione,
703 2435 877 2512 auditores
902 2443 1030 2514 mentis
1061 2440 1152 2515 desa-

98 2565 294 2664 tigationem
330 2578 554 2665 queruntur;
587 2565 637 2637 sic
668 2561 771 2664 vulgo
797 2564 1029 2666 simplicitatis
1055 2567 1149 2643 indi·

97 2693 184 2764 cium
203 2693 285 2766 satis
308 2691 530 2773 manifestum
550 2704 626 2783 est,
650 2691 680 2764 si
700 2689 754 2764 illi
771 2692 888 2763 omnia
903 2703 973 2764 tam
991 2692 1095 2795 plana
1113 2711 1150 2771 et

97 2816 254 2918 expedita
272 2817 378 2890 fuisse
400 2829 601 2908 autumant,
626 2830 666 2890 nt
689 2843 735 2890 ne
756 2818 825 2918 ipsi
840 2816 1003 2920 quidem,
1029 2819 1075 2893 ad
1094 2821 1150 2898 di.

97 2945 241 3018 cendum
276 2945 412 3037 vocati,
449 2943 551 3022 aliam
580 2945 727 3018 orationi
752 2945 900 3018 formam
926 2949 1148 3054 constituturi
1190 2953 1192 2960 ’

96 3069 233 3146 luissent
257 3069 337 3172 (³).
1082 3073 1085 3080 ⁴

542 3171 573 3272 §-
629 3193 684 3278 17·

138 3317 236 3402 Haec
260 3338 376 3398 autern
399 3327 602 3424 simplicitas
621 3325 709 3430 quin
729 3331 852 3426 magni
870 3329 916 3400 sit
929 3330 1144 3426 pendenda,

96 3479 194 3528 nemo
219 3451 379 3554 prudens
397 3455 436 3528 in
460 3453 608 3530 dubium
634 3455 820 3532 vocaverit.
859 3445 926 3528 Uti
949 3457 1044 3529 enim
1063 3457 1150 3560 Ora·
1208 3450 1210 3453 ’

97 3583 158 3656 tori
177 3582 223 3656 ad
240 3579 347 3674 illud,
372 3581 470 3684 quod
482 3583 608 3670 ,dicere
626 3580 694 3656 sihi
714 3581 916 3683 proposuit,
942 3585 1017 3657 sine
1036 3585 1147 3659 multo
1165 3573 1181 3586 ³

128 3904 184 3978 (τ)
211 3893 337 3974 Bonus,
363 3907 521 3964 Haadboclr
546 3926 621 3968 ocor
637 3909 725 3988 jonge
749 3903 945 3986 Predr'ltanten.
977 3925 1005 3982 p.
1024 3911 1078 3976 31,
1098 3891 1141 3972 32,

97 4007 201 4064 rara,
218 3993 237 4050 l.
250 4012 272 4050 c.
290 4015 318 4073 p.
334 4015 383 4073 129
396 3997 457 4074 sqq.
474 3983 631 4068 'scuorr,
650 3997 767 4054 Tom.I.
786 4017 814 4073 p.
828 3999 878 4065 [pol
896 4013 954 4070 sqq.

98 4083 195 4232 'ruzil
207 4086 394 4254 {oppressu
412 4085 431 4144 l.
445 4106 469 4162 c,
485 4085 546 4144 Lib.
559 4085 609 4188 Xl.
628 4075 688 4166 cap.
705 4106 727 4146 1.
747 4086 783 4146 ad
799 4083 894 4146 finem.
920 4100 1056 4190 nun,
1082 4081 1141 4188 lo·
