<?xml version="1.0" encoding="UTF-8"?>
<!DOCTYPE html PUBLIC "-//W3C//DTD XHTML 1.0 Transitional//EN"
    "http://www.w3.org/TR/xhtml1/DTD/xhtml1-transitional.dtd">
<html xmlns="http://www.w3.org/1999/xhtml" xml:lang="en" lang="en">
 <head>
  <title>
</title>
<meta http-equiv="Content-Type" content="text/html;charset=utf-8" />
  <meta name='ocr-system' content='tesseract 3.04.00' />
  <meta name='ocr-capabilities' content='ocr_page ocr_carea ocr_par ocr_line ocrx_word'/>
</head>
<body>
  <div class='ocr_page' id='page_1' title='image "./institutioorato00henggoog/institutioorato00henggoog_0016.png"; bbox 0 0 2860 5022; ppageno 0'>
   <div class='ocr_carea' id='block_1_1' title="bbox 404 331 1206 502">
    <p class='ocr_par' dir='ltr' id='par_1_1' title="bbox 404 331 1206 502">
     <span class='ocr_line' id='line_1_1' title="bbox 404 331 1206 502; baseline -0.005 -32"><span class='ocrx_word' id='word_1_1' title='bbox 404 375 909 502; x_wconf 67' lang='lat' dir='ltr'><strong>r‘asslu&#39;rauro:</strong></span> <span class='ocrx_word' id='word_1_2' title='bbox 1151 331 1206 466; x_wconf 60' lang='grc' dir='ltr'><strong>αἱ</strong></span> 
     </span>
    </p>
   </div>
   <div class='ocr_carea' id='block_1_2' title="bbox 92 569 1292 3742">
    <p class='ocr_par' dir='ltr' id='par_1_2' title="bbox 92 569 1292 3742">
     <span class='ocr_line' id='line_1_2' title="bbox 137 569 1195 701; baseline -0.013 -29"><span class='ocrx_word' id='word_1_3' title='bbox 137 596 234 701; x_wconf 77' lang='lat' dir='ltr'><strong>quod</strong></span> <span class='ocrx_word' id='word_1_4' title='bbox 265 595 357 670; x_wconf 86' lang='lat' dir='ltr'><strong>hano</strong></span> <span class='ocrx_word' id='word_1_5' title='bbox 393 589 552 666; x_wconf 75' lang='lat' dir='ltr'><strong>oratoris</strong></span> <span class='ocrx_word' id='word_1_6' title='bbox 583 571 688 661; x_wconf 76' lang='lat' dir='ltr'><strong>&#39;santi</strong></span> <span class='ocrx_word' id='word_1_7' title='bbox 721 581 980 657; x_wconf 66' lang='lat' dir='ltr'><strong>Institutionum</strong></span> <span class='ocrx_word' id='word_1_8' title='bbox 1015 569 1085 655; x_wconf 77' lang='lat' dir='ltr'><strong>leui</strong></span> <span class='ocrx_word' id='word_1_9' title='bbox 1114 572 1195 658; x_wconf 51' lang='lat' dir='ltr'><strong>Lo&amp;</strong></span> 
     </span>
     <span class='ocr_line' id='line_1_3' title="bbox 134 695 1200 816; baseline -0.016 -15"><span class='ocrx_word' id='word_1_10' title='bbox 134 728 260 800; x_wconf 80' lang='lat' dir='ltr'><strong>tinam.</strong></span> <span class='ocrx_word' id='word_1_11' title='bbox 320 717 390 816; x_wconf 87' lang='lat' dir='ltr'><strong>Qui</strong></span> <span class='ocrx_word' id='word_1_12' title='bbox 417 720 448 795; x_wconf 86' lang='lat' dir='ltr'><strong>si</strong></span> <span class='ocrx_word' id='word_1_13' title='bbox 482 714 642 792; x_wconf 84' lang='lat' dir='ltr'><strong>homines</strong></span> <span class='ocrx_word' id='word_1_14' title='bbox 675 721 813 784; x_wconf 82' lang='lat' dir='ltr'><strong>tautum</strong></span> <span class='ocrx_word' id='word_1_15' title='bbox 846 695 964 782; x_wconf 71' lang='lat' dir='ltr'><strong>esseut</strong></span> <span class='ocrx_word' id='word_1_16' title='bbox 996 705 1115 800; x_wconf 76' lang='lat' dir='ltr'><strong>leves,</strong></span> <span class='ocrx_word' id='word_1_17' title='bbox 1150 717 1200 784; x_wconf 84' lang='lat' dir='ltr'><strong>et&#39;·</strong></span> 
     </span>
     <span class='ocr_line' id='line_1_4' title="bbox 92 821 1196 952; baseline -0.016 -25"><span class='ocrx_word' id='word_1_18' title='bbox 92 843 93 852; x_wconf 8' lang='grc' dir='ltr'>ἵ</span> <span class='ocrx_word' id='word_1_19' title='bbox 135 851 317 952; x_wconf 81' lang='lat' dir='ltr'>vulgares,</span> <span class='ocrx_word' id='word_1_20' title='bbox 353 860 392 922; x_wconf 82' lang='lat' dir='ltr'><strong>et</strong></span> <span class='ocrx_word' id='word_1_21' title='bbox 431 841 525 919; x_wconf 88' lang='lat' dir='ltr'><strong>nihil</strong></span> <span class='ocrx_word' id='word_1_22' title='bbox 566 836 662 912; x_wconf 78' lang='lat' dir='ltr'><strong>eliud</strong></span> <span class='ocrx_word' id='word_1_23' title='bbox 705 847 935 936; x_wconf 68' lang='lat' dir='ltr'><strong>quaerentes,</strong></span> <span class='ocrx_word' id='word_1_24' title='bbox 971 858 1078 936; x_wconf 81' lang='lat' dir='ltr'><strong>quant</strong></span> <span class='ocrx_word' id='word_1_25' title='bbox 1117 821 1196 938; x_wconf 63' lang='lat' dir='ltr'><strong>qnoI</strong></span> 
     </span>
     <span class='ocr_line' id='line_1_5' title="bbox 133 961 1197 1080; baseline -0.014 -30"><span class='ocrx_word' id='word_1_26' title='bbox 133 981 388 1080; x_wconf 83' lang='lat' dir='ltr'><strong>turpissimam.</strong></span> <span class='ocrx_word' id='word_1_27' title='bbox 411 991 510 1044; x_wconf 81' lang='lat' dir='ltr'><strong>snam</strong></span> <span class='ocrx_word' id='word_1_28' title='bbox 553 966 731 1040; x_wconf 86' lang='lat' dir='ltr'><strong>literarum</strong></span> <span class='ocrx_word' id='word_1_29' title='bbox 777 961 952 1036; x_wconf 63' lang='lat' dir='ltr'><strong>bonarum*</strong></span> <span class='ocrx_word' id='word_1_30' title='bbox 985 973 1197 1078; x_wconf 71' lang='lat' dir='ltr'><strong>praetexant</strong></span> 
     </span>
     <span class='ocr_line' id='line_1_6' title="bbox 134 1087 1201 1206; baseline -0.016 -25"><span class='ocrx_word' id='word_1_31' title='bbox 134 1106 392 1206; x_wconf 78' lang='lat' dir='ltr'><strong>ignorantiam,</strong></span> <span class='ocrx_word' id='word_1_32' title='bbox 426 1093 589 1198; x_wconf 89' lang='lat' dir='ltr'><strong>equidem</strong></span> <span class='ocrx_word' id='word_1_33' title='bbox 622 1089 826 1193; x_wconf 83' lang='lat' dir='ltr'><strong>hujusmodi</strong></span> <span class='ocrx_word' id='word_1_34' title='bbox 856 1087 1085 1166; x_wconf 80' lang='lat' dir='ltr'><strong>offensionem</strong></span> <span class='ocrx_word' id='word_1_35' title='bbox 1114 1103 1201 1164; x_wconf 85' lang='lat' dir='ltr'><strong>non·¹</strong></span> 
     </span>
     <span class='ocr_line' id='line_1_7' title="bbox 134 1217 1197 1318; baseline -0.016 -11"><span class='ocrx_word' id='word_1_36' title='bbox 134 1232 237 1308; x_wconf 78' lang='lat' dir='ltr'><strong>valde</strong></span> <span class='ocrx_word' id='word_1_37' title='bbox 268 1245 437 1303; x_wconf 73' lang='lat' dir='ltr'><strong>durarem.</strong></span> <span class='ocrx_word' id='word_1_38' title='bbox 487 1220 556 1296; x_wconf 90' lang='lat' dir='ltr'><strong>Sed</strong></span> <span class='ocrx_word' id='word_1_39' title='bbox 579 1235 683 1313; x_wconf 81' lang='lat' dir='ltr'><strong>aunt,</strong></span> <span class='ocrx_word' id='word_1_40' title='bbox 707 1219 822 1298; x_wconf 87' lang='lat' dir='ltr'><strong>eheul</strong></span> <span class='ocrx_word' id='word_1_41' title='bbox 849 1218 917 1292; x_wconf 77' lang='lat' dir='ltr'><strong>viri</strong></span> <span class='ocrx_word' id='word_1_42' title='bbox 946 1217 1091 1317; x_wconf 87' lang='lat' dir='ltr'><strong>iusuper</strong></span> <span class='ocrx_word' id='word_1_43' title='bbox 1110 1239 1197 1318; x_wconf 79' lang='lat' dir='ltr'><strong>gra-¹</strong></span> 
     </span>
     <span class='ocr_line' id='line_1_8' title="bbox 134 1345 1190 1453; baseline -0.011 -21"><span class='ocrx_word' id='word_1_44' title='bbox 134 1378 195 1432; x_wconf 78' lang='lat' dir='ltr'><strong>res</strong></span> <span class='ocrx_word' id='word_1_45' title='bbox 230 1355 413 1453; x_wconf 87' lang='lat' dir='ltr'><strong>doctique,</strong></span> <span class='ocrx_word' id='word_1_46' title='bbox 449 1364 486 1434; x_wconf 85' lang='lat' dir='ltr'><strong>et</strong></span> <span class='ocrx_word' id='word_1_47' title='bbox 508 1351 553 1424; x_wconf 92' lang='lat' dir='ltr'><strong>de</strong></span> <span class='ocrx_word' id='word_1_48' title='bbox 576 1375 659 1438; x_wconf 85' lang='lat' dir='ltr'><strong>suu,</strong></span> <span class='ocrx_word' id='word_1_49' title='bbox 692 1373 813 1450; x_wconf 81' lang='lat' dir='ltr'><strong>quum.</strong></span> <span class='ocrx_word' id='word_1_50' title='bbox 829 1345 1059 1448; x_wconf 79' lang='lat' dir='ltr'><strong>profitentur,</strong></span> <span class='ocrx_word' id='word_1_51' title='bbox 1085 1345 1190 1420; x_wconf 87' lang='lat' dir='ltr'><strong>disci·</strong></span> 
     </span>
     <span class='ocr_line' id='line_1_9' title="bbox 133 1459 1197 1583; baseline -0.003 -30"><span class='ocrx_word' id='word_1_52' title='bbox 133 1481 232 1583; x_wconf 82' lang='lat' dir='ltr'><strong>plina</strong></span> <span class='ocrx_word' id='word_1_53' title='bbox 263 1479 355 1553; x_wconf 88' lang='lat' dir='ltr'><strong>bene</strong></span> <span class='ocrx_word' id='word_1_54' title='bbox 386 1479 525 1568; x_wconf 78' lang='lat' dir='ltr'><strong>meriti,</strong></span> <span class='ocrx_word' id='word_1_55' title='bbox 544 1476 691 1578; x_wconf 73' lang='lat' dir='ltr'><strong>vquilius</strong></span> <span class='ocrx_word' id='word_1_56' title='bbox 725 1459 825 1546; x_wconf 85' lang='lat' dir='ltr'><strong>hano</strong></span> <span class='ocrx_word' id='word_1_57' title='bbox 844 1469 1004 1544; x_wconf 80' lang='lat' dir='ltr'><strong>fraudem</strong></span> <span class='ocrx_word' id='word_1_58' title='bbox 1039 1474 1197 1550; x_wconf 75' lang='lat' dir='ltr'><strong>fecerint</strong></span> 
     </span>
     <span class='ocr_line' id='line_1_10' title="bbox 135 1598 1196 1712; baseline -0.003 -30"><span class='ocrx_word' id='word_1_59' title='bbox 135 1633 328 1712; x_wconf 80' lang='lat' dir='ltr'><strong>quaenam,</strong></span> <span class='ocrx_word' id='word_1_60' title='bbox 365 1603 459 1682; x_wconf 82' lang='lat' dir='ltr'><strong>haud</strong></span> <span class='ocrx_word' id='word_1_61' title='bbox 482 1606 572 1694; x_wconf 85' lang='lat' dir='ltr'><strong>seio,</strong></span> <span class='ocrx_word' id='word_1_62' title='bbox 597 1601 821 1705; x_wconf 73' lang='lat' dir='ltr'><strong>praestigiae,</strong></span> <span class='ocrx_word' id='word_1_63' title='bbox 853 1611 914 1690; x_wconf 88' lang='lat' dir='ltr'><strong>ut,</strong></span> <span class='ocrx_word' id='word_1_64' title='bbox 941 1598 1091 1696; x_wconf 75' lang='lat' dir='ltr'><strong>admissu</strong></span> <span class='ocrx_word' id='word_1_65' title='bbox 1122 1601 1196 1680; x_wconf 55' lang='lat' dir='ltr'><strong>ltu-⁴</strong></span> 
     </span>
     <span class='ocr_line' id='line_1_11' title="bbox 135 1723 1192 1834; baseline -0.003 -26"><span class='ocrx_word' id='word_1_66' title='bbox 135 1738 190 1834; x_wconf 69' lang='lat' dir='ltr'><strong>lus</strong></span> <span class='ocrx_word' id='word_1_67' title='bbox 223 1733 332 1807; x_wconf 88' lang='lat' dir='ltr'><strong>seculi</strong></span> <span class='ocrx_word' id='word_1_68' title='bbox 363 1731 463 1825; x_wconf 82' lang='lat' dir='ltr'><strong>laba,</strong></span> <span class='ocrx_word' id='word_1_69' title='bbox 488 1729 630 1806; x_wconf 79' lang='lat' dir='ltr'><strong>insulsis</strong></span> <span class='ocrx_word' id='word_1_70' title='bbox 659 1726 859 1806; x_wconf 76' lang='lat' dir='ltr'><strong>nebularum</strong></span> <span class='ocrx_word' id='word_1_71' title='bbox 890 1723 1104 1805; x_wconf 85' lang='lat' dir='ltr'><strong>elamoribus</strong></span> <span class='ocrx_word' id='word_1_72' title='bbox 1126 1729 1192 1804; x_wconf 61' lang='lat' dir='ltr'><strong>ad.-</strong></span> 
     </span>
     <span class='ocr_line' id='line_1_12' title="bbox 141 1852 1191 1958; baseline -0.005 -22"><span class='ocrx_word' id='word_1_73' title='bbox 141 1883 255 1936; x_wconf 69' lang='lat' dir='ltr'><strong>rosus</strong></span> <span class='ocrx_word' id='word_1_74' title='bbox 287 1860 406 1935; x_wconf 83' lang='lat' dir='ltr'><strong>Latini</strong></span> <span class='ocrx_word' id='word_1_75' title='bbox 436 1857 607 1932; x_wconf 83' lang='lat' dir='ltr'><strong>sermonis</strong></span> <span class='ocrx_word' id='word_1_76' title='bbox 634 1869 738 1930; x_wconf 87' lang='lat' dir='ltr'><strong>usum</strong></span> <span class='ocrx_word' id='word_1_77' title='bbox 772 1852 1038 1958; x_wconf 77' lang='lat' dir='ltr'><strong>applauderent.</strong></span> <span class='ocrx_word' id='word_1_78' title='bbox 1094 1857 1191 1950; x_wconf 88' lang='lat' dir='ltr'><strong>Quo·</strong></span> 
     </span>
     <span class='ocr_line' id='line_1_13' title="bbox 137 1963 1198 2088; baseline -0.004 -26"><span class='ocrx_word' id='word_1_79' title='bbox 137 2005 217 2062; x_wconf 73' lang='lat' dir='ltr'><strong>num</strong></span> <span class='ocrx_word' id='word_1_80' title='bbox 252 1984 359 2088; x_wconf 84' lang='lat' dir='ltr'><strong>igitur</strong></span> <span class='ocrx_word' id='word_1_81' title='bbox 386 2011 434 2061; x_wconf 91' lang='lat' dir='ltr'><strong>ne</strong></span> <span class='ocrx_word' id='word_1_82' title='bbox 460 1985 549 2060; x_wconf 91' lang='lat' dir='ltr'><strong>mihi</strong></span> <span class='ocrx_word' id='word_1_83' title='bbox 574 1997 699 2059; x_wconf 83' lang='lat' dir='ltr'><strong>noceat</strong></span> <span class='ocrx_word' id='word_1_84' title='bbox 718 1963 934 2076; x_wconf 78' lang='lat' dir='ltr'><strong>auotoritas,</strong></span> <span class='ocrx_word' id='word_1_85' title='bbox 958 1983 1093 2060; x_wconf 80' lang='lat' dir='ltr'><strong>consilii</strong></span> <span class='ocrx_word' id='word_1_86' title='bbox 1118 1982 1198 2058; x_wconf 76' lang='lat' dir='ltr'><strong>mel‘</strong></span> 
     </span>
     <span class='ocr_line' id='line_1_14' title="bbox 136 2111 1197 2216; baseline -0.006 -28"><span class='ocrx_word' id='word_1_87' title='bbox 136 2137 259 2188; x_wconf 80' lang='lat' dir='ltr'><strong>musae</strong></span> <span class='ocrx_word' id='word_1_88' title='bbox 280 2111 507 2216; x_wconf 85' lang='lat' dir='ltr'><strong>exponendae</strong></span> <span class='ocrx_word' id='word_1_89' title='bbox 529 2111 643 2188; x_wconf 87' lang='lat' dir='ltr'><strong>sunt.&#39;</strong></span> <span class='ocrx_word' id='word_1_90' title='bbox 697 2155 700 2160; x_wconf 92' lang='lat'>·</span> <span class='ocrx_word' id='word_1_91' title='bbox 778 2148 780 2160; x_wconf 80' lang='lat'><em>=</em></span> <span class='ocrx_word' id='word_1_92' title='bbox 1006 2119 1010 2128; x_wconf 83' lang='grc'><em>“</em></span> <span class='ocrx_word' id='word_1_93' title='bbox 1195 2124 1197 2135; x_wconf 88' lang='grc'><em>·</em></span> 
     </span>
     <span class='ocr_line' id='line_1_15' title="bbox 187 2223 1190 2342; baseline -0.001 -28"><span class='ocrx_word' id='word_1_94' title='bbox 187 2229 277 2314; x_wconf 86' lang='lat' dir='ltr'><strong>Cu&#39;m</strong></span> <span class='ocrx_word' id='word_1_95' title='bbox 297 2267 426 2340; x_wconf 89' lang='lat' dir='ltr'><strong>nempe</strong></span> <span class='ocrx_word' id='word_1_96' title='bbox 450 2239 531 2316; x_wconf 84' lang='lat' dir='ltr'><strong>sutis</strong></span> <span class='ocrx_word' id='word_1_97' title='bbox 551 2239 648 2339; x_wconf 83' lang='lat' dir='ltr'><strong>longi</strong></span> <span class='ocrx_word' id='word_1_98' title='bbox 675 2223 843 2342; x_wconf 72' lang='lat' dir='ltr'><strong>temporis</strong></span> <span class='ocrx_word' id='word_1_99' title='bbox 863 2233 1077 2342; x_wconf 78' lang='lat' dir='ltr'><strong>elsperlentia</strong></span> <span class='ocrx_word' id='word_1_100' title='bbox 1099 2237 1190 2314; x_wconf 86' lang='lat' dir='ltr'><strong>mihi</strong></span> 
     </span>
     <span class='ocr_line' id='line_1_16' title="bbox 137 2365 1193 2469; baseline 0.001 -31"><span class='ocrx_word' id='word_1_101' title='bbox 137 2372 341 2469; x_wconf 78' lang='lat' dir='ltr'><strong>persuasum</strong></span> <span class='ocrx_word' id='word_1_102' title='bbox 363 2380 473 2458; x_wconf 77' lang='lat' dir='ltr'><strong>esset,</strong></span> <span class='ocrx_word' id='word_1_103' title='bbox 500 2367 595 2440; x_wconf 84' lang='lat' dir='ltr'><strong>ullril</strong></span> <span class='ocrx_word' id='word_1_104' title='bbox 614 2382 687 2438; x_wconf 88' lang='lat' dir='ltr'><strong>tam</strong></span> <span class='ocrx_word' id='word_1_105' title='bbox 706 2367 812 2466; x_wconf 88' lang='lat' dir='ltr'><strong>plane</strong></span> <span class='ocrx_word' id='word_1_106' title='bbox 837 2379 873 2438; x_wconf 83' lang='lat' dir='ltr'><strong>et</strong></span> <span class='ocrx_word' id='word_1_107' title='bbox 894 2381 1051 2440; x_wconf 81' lang='lat' dir='ltr'><strong>accurate</strong></span> <span class='ocrx_word' id='word_1_108' title='bbox 1079 2365 1193 2467; x_wconf 86' lang='lat' dir='ltr'><strong>expli·</strong></span> 
     </span>
     <span class='ocr_line' id='line_1_17' title="bbox 138 2488 1193 2596; baseline -0.002 -28"><span class='ocrx_word' id='word_1_109' title='bbox 138 2493 210 2568; x_wconf 79' lang='lat' dir='ltr'><strong>ouri</strong></span> <span class='ocrx_word' id='word_1_110' title='bbox 228 2492 361 2583; x_wconf 89' lang='lat' dir='ltr'><strong>solere,</strong></span> <span class='ocrx_word' id='word_1_111' title='bbox 380 2515 484 2596; x_wconf 86' lang='lat' dir='ltr'><strong>quum</strong></span> <span class='ocrx_word' id='word_1_112' title='bbox 508 2493 625 2596; x_wconf 89' lang='lat' dir='ltr'><strong>quod,</strong></span> <span class='ocrx_word' id='word_1_113' title='bbox 650 2491 815 2568; x_wconf 77' lang='lat' dir='ltr'><strong>orationis</strong></span> <span class='ocrx_word' id='word_1_114' title='bbox 836 2488 981 2568; x_wconf 84' lang='lat' dir='ltr'><strong>Latinae</strong></span> <span class='ocrx_word' id='word_1_115' title='bbox 1003 2493 1193 2570; x_wconf 76' lang='lat' dir='ltr'><strong>invenien-</strong></span> 
     </span>
     <span class='ocr_line' id='line_1_18' title="bbox 137 2618 1192 2720; baseline 0.002 -26"><span class='ocrx_word' id='word_1_116' title='bbox 137 2618 202 2694; x_wconf 84' lang='lat' dir='ltr'><strong>dae</strong></span> <span class='ocrx_word' id='word_1_117' title='bbox 231 2634 269 2696; x_wconf 86' lang='lat' dir='ltr'><strong>et</strong></span> <span class='ocrx_word' id='word_1_118' title='bbox 300 2619 538 2718; x_wconf 83' lang='lat' dir='ltr'><strong>disponendae</strong></span> <span class='ocrx_word' id='word_1_119' title='bbox 564 2645 689 2711; x_wconf 81' lang='lat' dir='ltr'><strong>cause,</strong></span> <span class='ocrx_word' id='word_1_120' title='bbox 713 2623 883 2720; x_wconf 74' lang='lat' dir='ltr'><strong>majorem</strong></span> <span class='ocrx_word' id='word_1_121' title='bbox 912 2619 1003 2711; x_wconf 80' lang='lat' dir='ltr'><strong>sibi,</strong></span> <span class='ocrx_word' id='word_1_122' title='bbox 1028 2631 1064 2694; x_wconf 84' lang='lat' dir='ltr'><strong>et</strong></span> <span class='ocrx_word' id='word_1_123' title='bbox 1083 2619 1192 2696; x_wconf 84' lang='lat' dir='ltr'><strong>animi</strong></span> 
     </span>
     <span class='ocr_line' id='line_1_19' title="bbox 137 2745 1195 2848; baseline 0 -26"><span class='ocrx_word' id='word_1_124' title='bbox 137 2745 401 2822; x_wconf 81' lang='lat' dir='ltr'><strong>contentionem</strong></span> <span class='ocrx_word' id='word_1_125' title='bbox 435 2755 471 2818; x_wconf 91' lang='lat' dir='ltr'><strong>et</strong></span> <span class='ocrx_word' id='word_1_126' title='bbox 502 2769 635 2818; x_wconf 89' lang='lat' dir='ltr'><strong>moram</strong></span> <span class='ocrx_word' id='word_1_127' title='bbox 665 2745 846 2818; x_wconf 83' lang='lat' dir='ltr'><strong>scribendi</strong></span> <span class='ocrx_word' id='word_1_128' title='bbox 877 2747 1055 2847; x_wconf 78' lang='lat' dir='ltr'><strong>requirat3</strong></span> <span class='ocrx_word' id='word_1_129' title='bbox 1091 2748 1195 2848; x_wconf 60' lang='lat' dir='ltr'><strong>equi-¹</strong></span> 
     </span>
     <span class='ocr_line' id='line_1_20' title="bbox 137 2869 1192 2976; baseline 0.002 -28"><span class='ocrx_word' id='word_1_130' title='bbox 137 2873 245 2965; x_wconf 85' lang='lat' dir='ltr'><strong>dem,</strong></span> <span class='ocrx_word' id='word_1_131' title='bbox 281 2897 352 2974; x_wconf 87' lang='lat' dir='ltr'><strong>qno</strong></span> <span class='ocrx_word' id='word_1_132' title='bbox 384 2871 491 2972; x_wconf 82' lang='lat' dir='ltr'><strong>magis</strong></span> <span class='ocrx_word' id='word_1_133' title='bbox 515 2869 606 2946; x_wconf 78' lang='lat' dir='ltr'><strong>liano</strong></span> <span class='ocrx_word' id='word_1_134' title='bbox 633 2869 859 2975; x_wconf 77' lang='lat' dir='ltr'><strong>disciplinam</strong></span> <span class='ocrx_word' id='word_1_135' title='bbox 879 2869 1058 2971; x_wconf 70' lang='lat' dir='ltr'><strong>alumni</strong></span> <span class='ocrx_word' id='word_1_136' title='bbox 1090 2887 1192 2976; x_wconf 83' lang='lat' dir='ltr'><strong>parte</strong></span> 
     </span>
     <span class='ocr_line' id='line_1_21' title="bbox 137 2996 1191 3102; baseline 0.007 -30"><span class='ocrx_word' id='word_1_137' title='bbox 137 3011 368 3102; x_wconf 83' lang='lat' dir='ltr'><strong>pertentatam</strong></span> <span class='ocrx_word' id='word_1_138' title='bbox 391 2996 579 3088; x_wconf 86' lang='lat' dir='ltr'><strong>haberem,</strong></span> <span class='ocrx_word' id='word_1_139' title='bbox 604 3024 801 3074; x_wconf 89' lang='lat' dir='ltr'><strong>sermonem</strong></span> <span class='ocrx_word' id='word_1_140' title='bbox 829 2996 931 3076; x_wconf 83' lang='lat' dir='ltr'><strong>illum</strong></span> <span class='ocrx_word' id='word_1_141' title='bbox 955 3001 1191 3079; x_wconf 82' lang='lat' dir='ltr'><strong>Romanorum</strong></span> 
     </span>
     <span class='ocr_line' id='line_1_22' title="bbox 137 3125 1196 3232; baseline 0.004 -32"><span class='ocrx_word' id='word_1_142' title='bbox 137 3141 296 3202; x_wconf 76' lang='lat' dir='ltr'><strong>veterum</strong></span> <span class='ocrx_word' id='word_1_143' title='bbox 321 3125 504 3200; x_wconf 76' lang='lat' dir='ltr'><strong>vernaculo</strong></span> <span class='ocrx_word' id='word_1_144' title='bbox 521 3126 788 3232; x_wconf 79' lang='lat' dir='ltr'><strong>praeferendum</strong></span> <span class='ocrx_word' id='word_1_145' title='bbox 811 3151 887 3228; x_wconf 81' lang='lat' dir='ltr'><strong>esse</strong></span> <span class='ocrx_word' id='word_1_146' title='bbox 903 3125 1089 3204; x_wconf 76' lang='lat' dir='ltr'><strong>ducebam.</strong></span> <span class='ocrx_word' id='word_1_147' title='bbox 1122 3129 1196 3206; x_wconf 87' lang='lat' dir='ltr'><strong>Ne·</strong></span> 
     </span>
     <span class='ocr_line' id='line_1_23' title="bbox 138 3233 1244 3356; baseline 0.003 -29"><span class='ocrx_word' id='word_1_148' title='bbox 138 3276 208 3356; x_wconf 87' lang='lat' dir='ltr'><strong>que</strong></span> <span class='ocrx_word' id='word_1_149' title='bbox 238 3233 321 3327; x_wconf 75' lang='lat' dir='ltr'><strong>reru</strong></span> <span class='ocrx_word' id='word_1_150' title='bbox 353 3249 552 3326; x_wconf 84' lang='lat' dir='ltr'><strong>hominibus</strong></span> <span class='ocrx_word' id='word_1_151' title='bbox 587 3245 660 3328; x_wconf 82' lang='lat' dir='ltr'><strong>istis</strong></span> <span class='ocrx_word' id='word_1_152' title='bbox 691 3254 888 3356; x_wconf 76' lang='lat' dir='ltr'><strong>protervis,</strong></span> <span class='ocrx_word' id='word_1_153' title='bbox 923 3253 984 3354; x_wconf 90' lang='lat' dir='ltr'><strong>qui</strong></span> <span class='ocrx_word' id='word_1_154' title='bbox 1015 3279 1129 3328; x_wconf 84' lang='lat' dir='ltr'><strong>crassa</strong></span> <span class='ocrx_word' id='word_1_155' title='bbox 1157 3269 1194 3331; x_wconf 90' lang='lat' dir='ltr'><strong>et</strong></span> <span class='ocrx_word' id='word_1_156' title='bbox 1240 3295 1244 3302; x_wconf 93' lang='lat'><em>·</em></span> 
     </span>
     <span class='ocr_line' id='line_1_24' title="bbox 138 3377 1292 3484; baseline 0.006 -32"><span class='ocrx_word' id='word_1_157' title='bbox 138 3377 247 3454; x_wconf 82' lang='lat' dir='ltr'><strong>invita</strong></span> <span class='ocrx_word' id='word_1_158' title='bbox 275 3380 431 3454; x_wconf 83' lang='lat' dir='ltr'><strong>Minerva</strong></span> <span class='ocrx_word' id='word_1_159' title='bbox 457 3377 599 3454; x_wconf 88' lang='lat' dir='ltr'><strong>dicendi</strong></span> <span class='ocrx_word' id='word_1_160' title='bbox 628 3395 768 3457; x_wconf 87' lang='lat' dir='ltr'><strong>munus&#39;</strong></span> <span class='ocrx_word' id='word_1_161' title='bbox 781 3392 954 3484; x_wconf 83' lang='lat' dir='ltr'><strong>appetunt</strong></span> <span class='ocrx_word' id='word_1_162' title='bbox 980 3405 1113 3483; x_wconf 84' lang='lat' dir='ltr'><strong>perque</strong></span> <span class='ocrx_word' id='word_1_163' title='bbox 1139 3383 1192 3458; x_wconf 84' lang='lat' dir='ltr'><strong>l&#39;as</strong></span> <span class='ocrx_word' id='word_1_164' title='bbox 1289 3429 1292 3434; x_wconf 91' lang='lat'>·</span> 
     </span>
     <span class='ocr_line' id='line_1_25' title="bbox 139 3495 1204 3611; baseline 0.005 -29"><span class='ocrx_word' id='word_1_165' title='bbox 139 3506 300 3582; x_wconf 72' lang='lat' dir='ltr'><strong>otuelus</strong></span> <span class='ocrx_word' id='word_1_166' title='bbox 328 3508 368 3582; x_wconf 89' lang='lat' dir='ltr'><strong>in</strong></span> <span class='ocrx_word' id='word_1_167' title='bbox 394 3503 483 3581; x_wconf 93' lang='lat' dir='ltr'><strong>illud</strong></span> <span class='ocrx_word' id='word_1_168' title='bbox 519 3503 683 3581; x_wconf 84' lang='lat' dir='ltr'><strong>invadere</strong></span> <span class='ocrx_word' id='word_1_169' title='bbox 715 3510 891 3611; x_wconf 72' lang='lat' dir='ltr'><strong>cupiunt,</strong></span> <span class='ocrx_word' id='word_1_170' title='bbox 927 3505 973 3582; x_wconf 87' lang='lat' dir='ltr'><strong>ud</strong></span> <span class='ocrx_word' id='word_1_171' title='bbox 995 3495 1204 3586; x_wconf 76' lang='lat' dir='ltr'><strong>studiorum·</strong></span> 
     </span>
     <span class='ocr_line' id='line_1_26' title="bbox 141 3618 1197 3742; baseline 0.005 -34"><span class='ocrx_word' id='word_1_172' title='bbox 141 3632 391 3734; x_wconf 70' lang='lat' dir='ltr'><strong>compendium</strong></span> <span class='ocrx_word' id='word_1_173' title='bbox 434 3631 507 3708; x_wconf 82' lang='lat' dir='ltr'><strong>sibi</strong></span> <span class='ocrx_word' id='word_1_174' title='bbox 551 3618 748 3707; x_wconf 81' lang='lat' dir='ltr'><strong>faciendum</strong></span> <span class='ocrx_word' id='word_1_175' title='bbox 791 3625 1006 3742; x_wconf 57' lang='lat' dir='ltr'><strong>ouo&#39;currere¹</strong></span> <span class='ocrx_word' id='word_1_176' title='bbox 1026 3637 1197 3714; x_wconf 62' lang='lat' dir='ltr'><strong>decr-ers«.</strong></span> 
     </span>
    </p>
   </div>
   <div class='ocr_carea' id='block_1_3' title="bbox 139 3739 1207 4117">
    <p class='ocr_par' dir='ltr' id='par_1_3' title="bbox 139 3739 1207 4117">
     <span class='ocr_line' id='line_1_27' title="bbox 139 3739 1205 3866; baseline 0.003 -30"><span class='ocrx_word' id='word_1_177' title='bbox 139 3779 228 3836; x_wconf 80' lang='lat' dir='ltr'><strong>ram.</strong></span> <span class='ocrx_word' id='word_1_178' title='bbox 277 3761 331 3836; x_wconf 84' lang='lat' dir='ltr'><strong>Ita</strong></span> <span class='ocrx_word' id='word_1_179' title='bbox 351 3769 388 3834; x_wconf 85' lang='lat' dir='ltr'><strong>st</strong></span> <span class='ocrx_word' id='word_1_180' title='bbox 406 3759 623 3834; x_wconf 82' lang='lat' dir='ltr'><strong>committere</strong></span> <span class='ocrx_word' id='word_1_181' title='bbox 645 3757 829 3852; x_wconf 81' lang='lat' dir='ltr'><strong>nolebam,</strong></span> <span class='ocrx_word' id='word_1_182' title='bbox 853 3775 893 3838; x_wconf 89' lang='lat' dir='ltr'><strong>ut</strong></span> <span class='ocrx_word' id='word_1_183' title='bbox 916 3759 1036 3864; x_wconf 81' lang='lat' dir='ltr'><strong>vulgus</strong></span> <span class='ocrx_word' id='word_1_184' title='bbox 1060 3739 1205 3866; x_wconf 72' lang='lat' dir='ltr'><strong>ignobi-3</strong></span> 
     </span>
     <span class='ocr_line' id='line_1_28' title="bbox 140 3884 1194 3996; baseline 0.006 -36"><span class='ocrx_word' id='word_1_185' title='bbox 140 3887 193 3976; x_wconf 85' lang='lat' dir='ltr'><strong>le,</strong></span> <span class='ocrx_word' id='word_1_186' title='bbox 219 3884 413 3976; x_wconf 80' lang='lat' dir='ltr'><strong>cerduues,</strong></span> <span class='ocrx_word' id='word_1_187' title='bbox 444 3897 599 3976; x_wconf 81' lang='lat' dir='ltr'><strong>sutores,</strong></span> <span class='ocrx_word' id='word_1_188' title='bbox 626 3886 894 3982; x_wconf 81' lang='lat' dir='ltr'><strong>salsamentarii,</strong></span> <span class='ocrx_word' id='word_1_189' title='bbox 929 3915 971 3966; x_wconf 84' lang='lat' dir='ltr'><strong>ex</strong></span> <span class='ocrx_word' id='word_1_190' title='bbox 1003 3915 1084 3965; x_wconf 88' lang='lat' dir='ltr'><strong>meo</strong></span> <span class='ocrx_word' id='word_1_191' title='bbox 1108 3917 1194 3996; x_wconf 83' lang='lat' dir='ltr'><strong>qua·</strong></span> 
     </span>
     <span class='ocr_line' id='line_1_29' title="bbox 142 3999 1207 4117; baseline 0.004 -29"><span class='ocrx_word' id='word_1_192' title='bbox 142 4011 328 4115; x_wconf 85' lang='lat' dir='ltr'><strong>liounque·</strong></span> <span class='ocrx_word' id='word_1_193' title='bbox 352 4009 472 4088; x_wconf 84' lang='lat' dir='ltr'><strong>labore</strong></span> <span class='ocrx_word' id='word_1_194' title='bbox 506 4025 670 4116; x_wconf 76' lang='lat' dir='ltr'><strong>tanquam</strong></span> <span class='ocrx_word' id='word_1_195' title='bbox 709 4013 916 4092; x_wconf 83' lang='lat' dir='ltr'><strong>alimentum</strong></span> <span class='ocrx_word' id='word_1_196' title='bbox 960 4030 1101 4117; x_wconf 80' lang='lat' dir='ltr'><strong>superet</strong></span> <span class='ocrx_word' id='word_1_197' title='bbox 1141 3999 1207 4092; x_wconf 62' lang='lat' dir='ltr'><strong>ae·⁴</strong></span> 
     </span>
    </p>
   </div>
   <div class='ocr_carea' id='block_1_4' title="bbox 0 0 1442 5022">
    <p class='ocr_par' dir='ltr' id='par_1_4' title="bbox 0 0 1442 5022">
     <span class='ocr_line' id='line_1_30' title="bbox 0 0 1442 5022; baseline 0 0"><span class='ocrx_word' id='word_1_198' title='bbox 0 0 1442 5022; x_wconf 95' lang='lat' dir='ltr'><strong> </strong></span> 
     </span>
    </p>
   </div>
  </div>
 </body>
</html>
