2726 5022
147 371 189 500 P.
209 432 269 504 11.
298 425 336 494 C.
360 420 405 498 V.
453 423 508 496 De
536 423 634 494 Orat.
661 419 791 498 Sacrae
815 421 963 493 actione.
1025 409 1098 493 225

496 614 526 714 c.
576 614 635 709 54.

100 774 166 848 Nos
187 773 327 875 quidem
345 773 382 844 in
399 771 495 844 hunc
517 769 769 872 amplissimum
792 792 953 868 campum
975 793 1096 843 excur-

61 928 124 974 rere
145 901 322 972 brevitatis
347 905 450 971 vetat*
465 896 633 972 studium.
683 897 931 992 Quapropter,
955 893 1095 972 lactori-

60 1027 113 1099 bus
136 1025 179 1097 ad
204 1024 349 1098 aliorum
372 1025 500 1123 scripta
520 1024 650 1112 missis,
676 1021 721 1094 de
746 1045 933 1111 manuum,
958 1021 1100 1100 nultus·
1169 1018 1174 1026 ’

59 1180 111 1254 que
133 1167 265 1226 tantum
285 1164 380 1224 motu
403 1125 566 1224 nonnihil
583 1171 725 1220 monere
739 1145 860 1240 iubet,
880 1165 919 1222 ut
940 1151 995 1225 his
1014 1167 1093 1230 tan-

59 1277 147 1378 quam
180 1278 354 1372 exemplis
391 1277 587 1374 regularum
621 1275 961 1381 suprascriptarum
993 1281 1096 1356 usum

59 1419 367 1478 commonstremus.
416 1401 486 1474 Sed
497 1400 608 1474 multo
624 1399 732 1502 magia
748 1397 866 1472 dicere
883 1407 1096 1501 poterimus,

59 1531 128 1630 quid
148 1527 343 1661 cavendum
364 1525 421 1600 vel
438 1526 661 1628 fugiendum,
686 1550 793 1624 quam
814 1525 901 1627 quid
922 1533 1095 1631 agendum
1131 1527 1133 1540 Α

61 1658 104 1728 sit

499 1755 531 1841 ἕ.
582 1751 639 1825 55'.

98 1910 227 1983 Oratori
254 1909 357 1982 Sacro
384 1906 430 1980 ad
452 1933 590 1981 causam
625 1906 794 2006 agendam
815 1903 997 2006 insigniter
1021 1911 1096 2010 opi·

60 2033 169 2107 tulatur
194 2047 311 2107 motus
334 2061 533 2128 nranuum,
558 2033 614 2106 cui
637 2045 732 2106 tanta
752 2033 844 2105 inest
864 2035 1029 2126 varietas,
1056 2053 1101 2112 ut

59 2185 105 2231 res
120 2165 344 2262 praecipuas,
372 2165 444 2237 sive
472 2159 644 2251 docendi,
669 2155 854 2250 monendi,
880 2161 1095 2260 corrigendi,
1182 2183 1185 2192 ·

20 2307 21 2320 ’
61 2286 235 2378 suadendi,
263 2314 325 2362 seu
349 2286 445 2362 aliud
466 2288 651 2388 suscipitur
673 2290 869 2386 negotium,
895 2289 991 2386 quasi
1013 2315 1096 2363 ocu·

58 2409 92 2484 lis
119 2416 298 2516 subjiciat,
325 2416 518 2516 animisque
551 2415 741 2514 imprimat.
790 2411 860 2484 Sed
887 2426 1002 2521 motus
1035 2415 1095 2488 ille

57 2553 181 2617 naturae
203 2544 343 2644 ipsique
369 2544 421 2614 rei
443 2567 631 2638 congruere
659 2539 780 2626 debet,
807 2553 846 2612 ut
874 2565 996 2614 manus
1026 2569 1094 2617 nec

57 2677 193 2759 temere,
219 2695 289 2742 nec
315 2691 420 2742 coeco
449 2669 606 2768 impetu,
631 2691 698 2739 nec
720 2663 966 2738 machinarum
987 2669 1096 2768 instar
1140 2737 1144 2742 .

57 2789 179 2868 alternis
208 2793 468 2886 extendantur,
504 2808 564 2868 aut
589 2774 759 2893 tanquam
786 2791 830 2864 ad
860 2793 1094 2901 perpendicu-

54 2911 114 2990 lum
145 2920 362 3020 dirigantur,
396 2936 455 2995 aut
485 2947 669 3022 perperam
699 2917 889 3008 tollantur,
914 2919 1093 2996 dimittan-

54 3054 121 3136 tur,
155 3047 399 3146 explicentur,
435 3047 692 3122 contrahantur.
749 3047 802 3118 Ita
831 3059 866 3118 et
889 3049 1093 3141 enitendum

54 3183 96 3239 est
113 3196 233 3266 omne,
259 3174 354 3276 quod
382 3202 402 3248 a
424 3177 492 3248 rita
512 3172 653 3276 quidem
675 3173 855 3246 communi
876 3199 950 3246 non
963 3161 1094 3250 abhor-

1019 3290 1092 3412 ret,

52 3514 127 3576 getes
152 3506 188 3563 de
217 3523 308 3572 cara,
329 3503 378 3579 qui
397 3497 510 3574 parient
530 3517 566 3555 en
585 3493 699 3573 public,
719 3494 798 3566 enjus
816 3511 919 3548 novam
936 3490 1091 3578 editionem

53 3590 81 3644 ad
97 3593 197 3652 calcem
214 3593 281 3652 libri
301 3613 325 3650 s.
340 3591 360 3648 l.
376 3588 536 3666 procuravit
553 3605 726 3644 corneres.
748 3579 799 3636 sed
815 3579 934 3638 lectione
954 3583 1015 3656 ejus
1033 3603 1093 3639 non

53 3678 159 3738 multum
181 3681 338 3772 proficiet,
359 3677 409 3754 qui
429 3686 510 3732 antea
529 3671 629 3774 legerit
649 3689 811 3727 nnisunu
823 3671 941 3744 ,p9oa
960 3690 1020 3745 sqq
1045 3682 1094 3727 aut
1161 3718 1163 3722 .

52 3785 348 3841 onrncrrnrennu,
366 3765 492 3824 omnium
511 3763 684 3838 principem,
703 3779 793 3834 aquo
815 3764 983 3816 recentiores
1001 3763 1091 3826 horni-

52 3873 93 3913 oes
115 3859 192 3917 haud
212 3879 304 3937 pauca
324 3858 476 3935 petierunt.
517 3853 664 3907 Praeterea
691 3868 756 3908 vero
778 3847 807 3902 in
829 3848 975 3904 eonsilium
998 3849 1092 3907 vocari

54 3956 186 4004 merentur
218 3965 491 4011 uonrnrneunc,
521 3963 548 4018 p.
571 3947 617 4000 183
641 3959 701 4015 sqq
730 3941 777 4011 194
796 3955 857 4012 sqq.
888 3935 989 4009 aliique
1016 3936 1091 3993 infra

54 4029 185 4094 laudandi.
222 4039 321 4096 Plures
343 4042 686 4097 memoraruntiuuon‚
705 4047 734 4104 p.
754 4047 811 4097 προ.
836 4045 933 4094 niun,
949 4031 1048 4100 p370.
1060 4039 1091 4084 ct

53 4139 188 4194 mrsu,
211 4148 239 4204 p.
253 4133 310 4186 326.
334 4125 379 4184 cis.
399 4135 589 4182 ctuosuru.
620 4117 749 4174 Ternli.
779 4135 807 4194 p.
823 4118 883 4183 161,
911 4117 967 4174 162.
1002 4133 1093 4178 rur!

52 4219 345 4296 rrrr‚p.321‚322.

644 4303 672 4374 P
