2726 5022
258 398 329 492 234
378 401 423 472 P.
439 399 508 472 ΙΙΙ.
535 397 572 472 S.
593 403 625 471 I.
654 399 739 474 CJ.
786 399 845 473 De
869 401 1067 497 Dt'sciplinis
1090 406 1228 508 aliisque

708 596 737 694 ξ.
795 623 850 672 ιο.

304 750 422 845 Quid?
447 749 541 852 quod
558 750 694 824 Veteris
716 752 875 855 Notique
896 737 1113 830 Testamenti
1131 757 1282 856 interpre-

258 878 355 952 tandi
377 880 501 979 peritia
518 881 656 953 Oratori
678 881 783 953 Sacro
801 905 874 953 non
897 885 1012 984 solum
1028 885 1176 955 animum
1197 883 1283 955 faciet

258 1007 304 1080 ad
324 1008 453 1078 mentis
469 1031 550 1078 suae
572 1007 779 1078 sententiam
803 1006 848 1078 de
866 1009 1081 1108 Scriptorum
1097 985 1283 1082 Divinarum

258 1133 412 1206 oratione
433 1131 543 1207 iibere
566 1148 601 1204 et
622 1135 696 1204 sine
717 1145 812 1205 metu
835 1135 1106 1208 enunciandam:
1141 1134 1284 1207 sedeam

258 1262 382 1350 etiam,
408 1257 471 1332 ubi
494 1257 604 1332 bonos
625 1259 768 1336 tortasse
788 1265 1055 1336 commentarios
1075 1274 1205 1363 praesto
1225 1287 1284 1334 non

229 1437 231 1448 ι
258 1385 383 1478 habet,
401 1401 460 1458 aut
481 1387 558 1470 his,
585 1386 634 1458 uti
646 1413 710 1485 par
727 1400 796 1476 est,
822 1389 944 1461 utendi
963 1403 1057 1462 caret
1072 1403 1233 1489 tempore,
1251 1386 1285 1458 ad

258 1516 470 1614 scriptorum
510 1509 648 1582 illorum
676 1510 781 1584 rerba
820 1528 855 1586 et
890 1514 980 1588 bene
1013 1513 1227 1614 intelligenda
1256 1525 1283 1583 et

258 1641 441 1740 perspicue
469 1635 676 1736 exponenda
700 1635 816 1711 ducet.

717 1798 744 1894 ξ.
933 1779 937 1786 ,

308 1929 474 2028 Nondum
494 1951 644 2025 diximus
664 1955 848 2026 Oratorem
869 1939 1029 2046 Sacrum,
1055 1984 1123 2059 quo
1145 1953 1284 2054 magisiu

191 2075 195 2088 ’
258 2083 452 2155 Literarum
478 2081 659 2152 Sacrarum
690 2081 971 2181 interpretatione
998 2097 1151 2156 versatus
1174 2085 1231 2172 sit,
1250 2105 1282 2150 eo

259 2211 461 2284 interiorem
484 2207 540 2282 his
559 2208 644 2306 ipsis
661 2231 741 2279 cum
764 2209 890 2282 Literis
907 2210 1114 2283 contrahere
1133 2207 1283 2284 familiari·

259 2351 389 2410 tatem:
417 2335 503 2408 haec
528 2347 644 2405 autern
680 2333 893 2408 familiaritas
923 2323 954 2409 ei
984 2351 1019 2409 et
1043 2339 1226 2412 orationem
1247 2335 1285 2403 in·
1336 2401 1337 2406 ,

260 2465 369 2564 spirat
393 2461 629 2536 doctrinarum
645 2462 865 2534 xDivinarum
890 2461 966 2538 luce
996 2469 1232 2566 conspicuam,
1257 2471 1284 2528 et

259 2588 383 2663 idonea
412 2589 456 2661 ad
477 2613 613 2660 causam
644 2615 740 2660 suam
762 2591 963 2664 auctoritate
990 2591 1059 2665 Dei
1093 2585 1285 2693 probandam

259 2713 459 2817 suppeditat
474 2713 567 2805 loca,
586 2729 621 2786 et
640 2715 800 2788 dictionis
821 2715 977 2790 Biblicae
996 2693 1190 2820 dpportune
1207 2737 1285 2785 usur·

260 2841 396 2942 pandae
415 2844 504 2917 viam
529 2857 564 2915 et
584 2845 755 2916 rationem
780 2857 948 2918 monstrat
972 2845 1061 2946 (†).

307 3155 437 3230 Contra
459 3155 617 3227 homines
643 3153 687 3227 ad
708 3154 903 3227 Literarum
930 3158 1113 3230 Sacrarum
1141 3157 1287 3254 interpre·

253 3283 428 3377 *tationem
453 3285 570 3354 minus
600 3295 756 3381 paratos,
791 3283 926 3356 etiamsi
957 3285 994 3354 in
1028 3283 1147 3356 verbis
1172 3279 1287 3354 Veteris

258 3409 416 3511 Notique
435 3409 651 3482 Testamenti
673 3433 715 3478 ex
743 3407 921 3500 tralatitia,
946 3435 1033 3510 quae
1051 3409 1196 3502 dicitur,
1222 3406 1287 3482 Ver-

1233 3556 1288 3606 uo-

295 3738 306 3806 (
316 3735 356 3804 †)
378 3733 452 3788 Part.
464 3731 498 3788 ΙΙ.
516 3725 613 3807 capita.
632 3736 655 3804 ἓ.
665 3737 698 3807 69
716 3751 777 3806 sqq.
814 3729 948 3785 Ceterum
972 3732 1008 3787 de
1027 3731 1165 3800 utilitate,
1183 3742 1246 3802 quae
1261 3737 1287 3774 ex

259 3823 312 3880 hac
325 3821 529 3897 interpretandi
548 3821 678 3878 facultate
698 3821 734 3877 ad
753 3823 903 3877 Oratorem
919 3820 1033 3876 Sacrum
1051 3817 1205 3890 redundat,
1222 3830 1289 3889 prat·

260 3925 303 3968 ter
319 3911 473 3988 Scriptores
490 3929 574 3986 supra
590 3909 724 3964 excitatos
738 3909 866 3986 legantur
884 3933 968 3978 vocs
979 3932 1044 3966 srtr
1063 3920 1093 3963 et
1109 3925 1218 3962 rrrnrt
1234 3915 1289 3954 ora·

261 4008 348 4058 tiones
365 4001 395 4056 ll.
439 3999 583 4055 Nonnulla
610 3995 698 4054 ¹etiam
726 4018 743 4052 a
763 4000 841 4056 nobis
871 4001 943 4055 dtcta
966 4009 1032 4056 sunt
1060 3999 1088 4053 in
1115 3998 1241 4052 Oratione
1262 3985 1288 4041 dt

262 4095 386 4148 Gramm.
406 4092 574 4148 Litterarum
595 4092 748 4146 Sacrorum
770 4092 1011 4164 interpretatione,
1031 4104 1102 4162 quae
1122 4081 1251 4162 reperitur
1267 4073 1289 4128 iu

262 4185 337 4237 Ann,
356 4179 446 4234 Acad.
467 4181 633 4257 laga-But.
652 4183 853 4246 Ann.1827-
869 4187 941 4238 1828.
968 4199 994 4254 p.
1013 4183 1041 4232 13
1060 4195 1120 4250 sqq.
