2752 5022
282 387 351 488 196
408 385 458 462 P.
473 385 524 462 11.
551 381 659 460 Η.
708 380 1033 458 venusam
1051 381 1247 459 amne...

562 909 913 992 CAPUT
1010 915 1058 989 V.

378 1219 382 1230 ,
502 1135 560 1215 De
594 1143 770 1217 Orationis
802 1141 933 1216 sacrae
962 1139 1122 1218 Actione.

290 1783 363 1890 Ad
389 1806 622 1886 dirimendam
645 1809 908 1912 quaestionem,
933 1805 1108 1908 quomodo
1135 1807 1262 1882 Orator
1284 1809 1337 1882 Sa*

292 1964 353 2015 aer
378 1935 594 2042 provinciam
626 1933 694 2012 sibi
726 1932 971 2008 demandatam
1005 1933 1263 2018 administrare,
1283 1935 1362 2008 dev

291 2063 392 2157 beat,
417 2077 632 2167 postremum
653 2059 908 2136 consideranda
935 2074 990 2134 est
1026 2065 1194 2136 motionis
1219 2063 1339 2136 Sacrae

291 2195 417 2270 Actio:
454 2190 499 2265 ab
529 2189 595 2266 bac
632 2190 728 2262 enim
757 2201 927 2290 quantum
957 2187 1002 2260 ad
1037 2185 1275 2282 auditoribus,
1306 2203 1340 2261 ut

292 2319 454 2394 homines
483 2342 579 2398 vere
595 2314 786 2389 Christiani
821 2315 913 2404 sint,
950 2313 1233 2414 persuadendum
1260 2343 1340 2417 pen·

296 2445 400 2537 deat,
425 2459 462 2518 et
479 2447 674 2519 reinatura
691 2441 808 2531 dooet,
834 2453 931 2512 etex
956 2463 998 2512 eo
1016 2444 1085 2538 jam
1105 2441 1342 2540 intelligimus,

295 2571 391 2676 quod
413 2571 561 2646 Veteres
591 2571 718 2643 actioni
738 2565 869 2668 primas
884 2563 1087 2638 detulerunt
1109 2566 1206 2668 (ἦ).
1253 2570 1341 2642 Men·

296 2711 370 2773 tem
389 2697 492 2798 igitur
511 2693 733 2783 attendamus
758 2691 802 2765 ad
823 2691 911 2764 haec
931 2693 1020 2764 trab:
1043 2689 1138 2765 unde
1171 2719 1240 2796 pro
1269 2721 1342 2768 con-

296 2826 402 2901 cione
431 2824 534 2898 Sacra
558 2821 751 2895 dicendum
778 2819 847 2908 ait;
882 2815 1058 2918 quomam
1086 2817 1155 2892 sibi
1182 2847 1251 2894 vox
1279 2824 1342 2922 ipsa

296 2950 471 3026 moderari
489 2947 640 3039 debeat;
666 2945 802 3048 qualem
823 2945 977 3044 eorporis
997 2959 1153 3044 oporteat
1177 2971 1252 3020 esse
1276 2973 1342 3018 mo·

101 3139 103 3144 ψ
193 3143 238 3188 .-
297 3074 477 3174 ami-r·
554 3095 561 3106 ·

1234 3279 1264 3377 ς,
1311 3303 1339 3349 2.

338 3461 394 3553 (f)
412 3475 609 3534 Ριιυιοι.
631 3471 735 3529 Morol.
761 3477 853 3546 μειβ
869 3474 901 3529 Α.
922 3489 996 3530 ιη.
1013 3487 1115 3528 arara.
1134 3473 1170 3529 de
1191 3477 1272 3533 Orat.
1288 3471 1344 3529 Lib.

298 3567 350 3625 nl.
371 3583 431 3642 cap.
439 3569 474 3622 56
484 3581 548 3640 sqq.
565 3563 649 3618 Part.
664 3569 737 3618 orat.
750 3577 812 3638 cap.
826 3565 859 3634 6,
871 3579 896 3634 7.
919 3579 1068 3626 aaaron
1078 3579 1100 3617 r.
1116 3559 1178 3616 Lib.
1186 3561 1239 3620 XI.
1255 3581 1310 3638 cap.
1324 3564 1345 3616 3.

334 3657 396 3730 (⁶)
415 3653 536 3712 'Veteres
556 3649 672 3726 quidem
691 3655 815 3708 udonis
838 3650 1028 3730 appellatione
1054 3649 1112 3706 duo
1131 3660 1243 3707 tautum
1266 3649 1343 3726 signi·

301 3742 439 3812 ficar-unt,
453 3759 552 3798 vocem
571 3749 602 3796 et
618 3749 730 3795 motum.
765 3740 840 3798 Vide
870 3759 978 3797 araas.
1004 3741 1085 3796 Brut.
1102 3755 1162 3814 cap.
1172 3741 1206 3799 68
1225 3746 1345 3799 eierat.

298 3835 342 3892 ad
355 3835 437 3890 Brut.
454 3847 516 3905 cap.
534 3847 574 3896 ¹⁷·
610 3827 686 3898 Sed,
704 3846 736 3882 re
757 3829 910 3885 accuratius
933 3827 1127 3896 oonsiderata,
1156 3829 1298 3884 notionem
1321 3827 1345 3882 ei

298 3919 422 3979 tribuere
444 3915 593 3974 maluimus
615 3916 700 3990 paulo
722 3916 903 3992 ampliorem,
918 3936 1003 3991 quana
1023 3919 1218 3973 recitationem
1236 3916 1290 3971 buc
1306 3916 1346 3970 in·

299 4011 424 4077 ducere,
441 4023 514 4082 quae
537 4003 575 4060 ad
596 4005 712 4062 lectores
735 4005 867 4082 pertinet.
902 4009 998 4076 Quare
1021 4007 1098 4080 quod
1121 4024 1207 4081 supra
1230 4027 1291 4082 pag.
1306 4026 1342 4073 7¹·

298 4098 434 4173 scripturn
459 4102 522 4166 est,
547 4092 586 4150 ita
610 4093 692 4154 velim
716 4094 889 4170 corrigatur,
915 4103 948 4150 ut
973 4111 1027 4171 pro
1054 4098 1216 4151 recitatione
1243 4093 1346 4168 legatur

296 4191 414 4246 unone.
1155 4204 1157 4210 ·
