2860 5022
246 389 306 449 rnr
372 433 378 442 .
446 395 454 433 τ
528 370 1005 454 ΒἛΞΑΕἙΑΤΙᾈΟ,

250 569 305 650 dio
330 569 599 676 relinquendum
628 585 700 646 est:
732 601 819 677 quos
841 588 979 669 tamen,
1011 601 1058 649 ne
1086 576 1125 651 in
1153 579 1298 682 publico

250 695 456 776 sententiam
475 714 564 772 'ante
595 699 729 792 ferant,
762 727 867 803 quam
902 715 1012 776 totam
1046 703 1149 806 hujus
1182 707 1299 806 operis

252 833 376 904 seriem
412 843 446 900 et
477 841 675 900 contextum
703 828 1007 928 perlustraverint,
1044 833 1161 906 minus
1194 861 1296 927 mea,

249 949 485 1060 quamtipstus
507 953 710 1054 disciplinae
740 983 860 1049 causa,
896 957 995 1028 enixe
1028 984 1110 1057 rogo
1134 973 1170 1032 et
1200 959 1298 1034 obse*

252 1081 367 1156 orodi

252 1249 259 1260 ·
299 1210 447 1283 Librum
472 1222 551 1281 ‚tam
578 1207 716 1280 lectioni
744 1208 914 1282 destinavi
937 1208 1145 1282 domesticae
1159 1223 1174 1302 ,'
1193 1225 1298 1314 quam

252 1335 331 1409 irsui
369 1335 585 1413 scholastico.
624 1333 712 1408 'sed
747 1335 912 1408 nonnulla
945 1349 1072 1408 tamen
1092 1373 1096 1382 ·
1115 1342 1296 1432 continet,

252 1487 343 1564 qnae
360 1463 421 1533 vix
440 1461 495 1556 alii
515 1463 654 1562 penitus
673 1461 865 1560 intelligere
879 1475 1063 1562 poterunt,
1091 1489 1194 1562 quam
1212 1465 1297 1538 Ora·

250 1605 345 1661 tores
366 1591 479 1680 Sacri,
503 1589 639 1690 aliquot
658 1615 770 1660 annos
794 1587 937 1662 dicendi
959 1614 1105 1664 munere
1129 1596 1200 1694 jam
1220 1591 1297 1670 sun·

251 1719 319 1798 edla
364 1717 480 1788 Ceteri
505 1717 631 1813 igitur,
656 1741 804 1818 quaeso,
832 1713 1003 1819 judicium
1033 1714 1218 1809 differant,
1242 1743 1312 1790 ns··

247 1841 440 1943 quadum
463 1841 634 1915 doctiores
668 1843 843 1917 evaserint
869 1841 1103 1942 experientia,
1136 1857 1195 1916 aut
1225 1844 1301 1944 ipse

246 1971 345 2044 'hanc
359 1971 620 2045 institutionem
638 1969 682 2040 iis
712 1969 750 2040 in
770 1967 887 2044 schola
911 1968 1145 2068 explicavero!
1196 1969 1303 2064 Quod

248 2112 296 2172 ›ut
316 2123 378 2171 sno
410 2099 583 2196 ternpore·
598 2093 686 2166 milri
716 2093 852 2166 facilius
877 2107 966 2170 esset
979 2065 1000 2185 ,³
1022 2097 1170 2176 urationi
1192 2099 1303 2172 eonti-

249 2222 513 2322 nuae.brevem
537 2219 971 2324 subjecianuotatioirem,
996 2218 1084 2294 illud
1115 2224 1232 2321 ipsum
1254 2225 1304 2298 le-
1422 2242 1424 2246 ·

243 2364 392 2424 ctutum
417 2351 558 2450 quoqne
576 2383 579 2394 ·
600 2345 791 2419 commodis
832 2346 1082 2420 inserviturum
1121 2375 1302 2444 augurans.

242 2477 452 2578 „Scriptores
474 2488 611 2564 autem,
636 2498 784 2573 quorum
803 2471 903 2544 libris
926 2494 1007 2544 usus
1028 2498 1127 2562 sum,
1151 2499 1220 2546 non
1239 2499 1303 2548 no-

243 2607 327 2678 ·tavi
349 2626 491 2694 omnes,
515 2599 578 2674 sed
609 2613 745 2674 tautum
766 2600 995 2699 praecipuos:
1027 2624 1143 2701 neque
1160 2626 1226 2674 eos
1251 2616 1303 2676 ta-

242 2757 341 2804 ·mcn
354 2729 465 2821 solos,
481 2729 542 2829 qui
555 2725 642 2799 mihi
660 2726 776 2798 lucem
797 2725 1048 2815 accenderant,
1067 2725 1124 2798 vel
1143 2726 1298 2802 admoui-

243 2857 370 2928 itiones
399 2880 495 2927 meas
521 2853 799 2944 confirmabant,
824 2851 887 2926 scd
910 2852 1014 2922 etism
1035 2849 1299 2948 dissentientes,

243 2981 384 3084 quibus
421 2982 527 3054 celata
559 3005 663 3079 quam
690 2989 956 3053 commemorata
989 2973 1051 3048 lite
1088 2980 1339 3054 contradica--

241 3109 314 3202 fre,
342 3109 444 3188 satius
466 3108 720 3207 humaniusque
751 3103 839 3178 milri
866 3102 1072 3206 plerumque
1103 3103 1299 3180 videbatur.

244 3240 380 3312 'Unum
401 3249 478 3324 est,
502 3233 595 3334 quod
624 3230 726 3306 valde
749 3229 907 3320 doleam,
933 3232 1200 3306 me‘nonuullos
1226 3235 1300 3306 sru-

244 3365 327 3439 'stra
353 3363 534 3462 expetiisse
559 3357 686 3448 libros,
706 3359 911 3457 praesertim
933 3357 1108 3430 breviores
1133 3359 1300 3456 quasdam

240 3490 462 3590 easdemque
506 3481 644 3557 laudem
666 3496 798 3556 ‚nactas
838 3485 1177 3575 commentationes,
1212 3509 1333 3590 qnae⁴

256 3611 538 3715 Monognaplrioc
569 3607 735 3710 appellari
764 3610 890 3684 solent.
922 3611 1154 3708 Postremam
1187 3611 1301 3709 operis

145 3835 148 3840 ἱ
235 3741 422 3844 ,praeclari
448 3769 466 3812 a
491 3758 693 3810 senoruo
712 3734 878 3816 elaborati·
892 3749 1027 3835 partem
1046 3761 1088 3808 ex
1112 3736 1301 3809 Germania

235 3870 397 3942 udemum
422 3865 565 3964 accepi,
592 3889 673 3936 cunr
703 3863 835 3942 omnia,
858 3887 937 3938 mea
970 3867 1039 3960 jam
1070 3861 1226 3936 absoluta
1264 3871 1307 3934 st'

252 3997 324 4069 fere
347 3997 437 4095 typis
467 4016 625 4094 expressa
653 4001 762 4068 erant.

229 4163 235 4174 ·
304 4126 348 4196 tt
374 4127 414 4194 in
434 4129 476 4195 eo
499 4121 571 4194 sore
596 4114 779 4218 praevideo
804 4127 843 4188 ut
867 4111 1031 4194 nonnulli
1057 4110 1302 4202 offendantur,

1204 4238 1298 4340 qnod
1363 4243 1366 4250 ’
