2726 5022
186 363 287 442 rebus
313 361 358 436 ab
384 366 527 440 Oratore
553 357 661 442 Sacro
686 359 944 456 cogitoscendis.
1020 358 1092 434 233

512 559 542 656 t·
592 581 625 655 7·

105 719 179 793 Jam
201 718 304 818 hujus
327 713 621 814 interpretationis
645 709 786 784 facultas
806 735 879 782 non
905 713 1094 824 acquiritur

16 911 17 942 ,
66 848 129 918 sine
150 845 361 944 linguarum,
385 840 512 942 quibus
535 836 674 908 Veteris
698 835 856 936 Novique
880 838 1106 917 Testamenti·

16 949 17 972 Χ
65 971 238 1070 Scriptores
267 971 322 1042 usi
350 982 455 1060 sunt,
486 965 630 1066 peritia:
655 965 715 1064 qui
747 963 811 1035 hac
845 964 939 1036 enim
973 969 1097 1066 peritia

16 1147 17 1156 η
67 1111 163 1188 caret,
189 1120 328 1168 sensum
346 1094 541 1180 Orationis,
569 1089 771 1189 eloquendi
786 1117 848 1162 usu
863 1091 1097 1189 pendentem,
1182 1109 1183 1114 ’

16 1255 17 1322 3
66 1224 127 1321 ipse
142 1236 175 1294 et
192 1220 355 1319 indagare
380 1235 415 1294 et
437 1217 591 1317 judicare
610 1219 749 1316 nequit3
775 1220 875 1318 eique
896 1218 984 1291 nihil
1004 1221 1098 1294 aliud

63 1361 229 1447 superest,
254 1375 359 1449 quam
391 1362 431 1418 ut
455 1322 661 1442 interpretes
691 1342 873 1444 populares
904 1371 1005 1418 coeca
1028 1347 1098 1419 fide

16 1487 17 1492 ’
64 1486 219 1574 sequatur.
536 1551 539 1558 ,

522 1597 553 1695 §.
603 1599 638 1672 8.

16 1743 17 1822 J
102 1755 171 1829 Nec
196 1782 281 1834 vero
306 1754 447 1828 Oratori
477 1753 581 1839 Sacro
605 1753 733 1826 sufficit
760 1755 855 1826 illam
879 1757 947 1830 sibi
972 1758 1104 1830 medio-

64 1905 144 1990 crem
165 1883 365 1983 linguarum
389 1881 619 1954 Orientalium
650 1875 686 1952 et
709 1881 860 1954 Graecae
886 1869 1103 1984 comparasse

16 2021 18 2118 t
63 2001 233 2105 peritiam,
259 2023 300 2081 ut
321 2011 473 2081 virorum
494 2008 675 2081 doctorum
696 2013 960 2099 commentarios
990 1983 1103 2112 legere

16 2139 17 2210 ξ
65 2121 242 2237 eorumque
272 2125 425 2209 mentem
453 2135 685 2236 probabiliter
717 2136 848 2236 assequi
876 2139 1004 2234 possit:
1041 2137 1104 2210 sed

16 2227 18 2276 t
64 2265 129 2362 ejus
143 2263 272 2362 peritia
290 2275 404 2335 tantae
430 2287 502 2334 esse
524 2261 631 2337 debet
656 2259 914 2360 amplitudinis,
941 2265 1104 2341 utratio·

16 2363 19 2410 ζ
62 2413 116 2460 nes
135 2403 169 2462 ct
191 2388 419 2492 argumenta,
445 2389 569 2488 quibos
589 2388 805 2486 singulorum
824 2387 980 2460 locorum
1002 2390 1107 2463 inter-

61 2521 198 2612 pretatio
226 2516 393 2606 fulcitur,
418 2515 509 2589 bene
538 2530 573 2587 et
599 2514 769 2588 subtiliter
794 2513 974 2616 judicandi
1004 2530 1106 2616 atque

58 2641 308 2747 interpretum,
333 2644 397 2716 ubi
416 2645 509 2716 inter
529 2667 565 2713 se
589 2640 810 2740 discrepant,
837 2643 1024 2714 sententias
1048 2669 1107 2715 ac·

60 2781 167 2840 curate
193 2767 412 2872 ponderandi
443 2770 634 2867 negotium·
650 2795 694 2840 ne
720 2769 808 2839 vires
833 2766 975 2867 quidem
997 2771 1105 2869 ipsius

58 2911 201 2996 superet.

529 3025 559 3120 i·
608 3052 644 3130 9?
761 3017 768 3025 ¹

101 3187 317 3276 Praeterea,
354 3188 517 3286 quoniam
548 3211 651 3284 saepe
677 3187 739 3275 fit,
776 3201 815 3258 ut
845 3189 1106 3282 commentarii,

59 3311 122 3400 vel,
137 3314 295 3385 faciliora
319 3313 393 3384 loca
416 3311 646 3383 annotationis
669 3313 759 3383 mole
780 3315 983 3400 obruentes,
1005 3315 1110 3386 lecto*

57 3461 127 3508 rem
151 3435 469 3512 in'diffieilioribus
491 3425 699 3536 impeditum
720 3437 899 3528 deserant¹
926 3440 979 3510 vel
998 3468 1110 3516 unum

58 3578 143 3636 certe
176 3565 419 3664 alterumque,
447 3561 542 3663 quod
565 3562 609 3634 ad
633 3577 787 3637 mentem
812 3565 1029 3666 Scriptorum
1053 3569 1112 3641 Sa·
1156 3573 1157 3576 ’

57 3713 194 3764 crorum
217 3689 263 3762 ab
286 3691 382 3762 omni
406 3703 505 3790 parte
525 3689 786 3788 intelligendam
809 3707 844 3764 et
870 3693 1113 3793 exponendam
1218 3667 1221 3676 Ι

55 3819 271 3916 requiritur,
314 3814 453 3888 silentio
490 3818 788 3914 praetermittant3
830 3821 968 3894 Oratori
1008 3820 1111 3892 Sacro

57 3945 236 4038 quantivis
253 3943 318 4014 erit
341 3943 463 4038 pretii,
490 3929 556 4016 sibi
577 3969 697 4017 sensus
717 3947 878 4020 orationis
896 3941 1016 4043 suopte
1037 3971 1114 4016 acu-

56 4069 149 4139 mine
174 4067 383 4149 inveniendi
409 4071 629 4169 acquisivisse
654 4073 858 4144 facultatem.
897 4171 899 4176 ,

640 4233 716 4328 P„5
974 4264 1002 4346 ξ.
1060 4279 1113 4328 ro.
1166 4206 1169 4212 ¹
