2752 5022
159 468 280 550 P..ll
307 467 346 544 C.
369 467 436 547 IV.
486 470 542 546 De
567 467 665 544 Orat.
692 469 824 547 Sacrae
847 471 1007 550 ditione
1070 467 1139 550 16³

22 633 27 641 ι
82 679 199 742 entur.
250 667 305 742 Ex
326 691 404 740 meo
427 644 523 740 certe
547 667 718 741 sententia
742 665 829 742 ordo
849 672 977 745 serrari
998 669 1138 773 nequit,

82 797 157 872 nisi
179 809 328 898 quatuor
353 793 517 894 deinceps
544 815 788 868 recenseamus
811 797 979 871 virtutes:
1014 811 1054 871 ut
1081 795 1138 871 di·

85 926 158 997 ctio
178 927 393 1020 perspicua,
417 923 535 1010 culto,
561 924 737 1012 oratoria,
762 935 815 1016 et,
840 935 880 995 ut
908 919 1055 997 barbare
1079 949 1140 998 vo-

84 1063 189 1142 cant,
212 1047 351 1124 Biblica
380 1049 437 1121 sit.
486 1049 622 1122 Harum
651 1061 768 1120 autem
792 1049 960 1126 virtutum
982 1052 1142 1146 primam

86 1180 251 1250 omittere
273 1175 356 1248 licet
376 1177 534 1268 nemini,
558 1175 620 1276 qui
649 1199 809 1250 sermone
834 1175 921 1253 dicit
949 1175 1141 1254 articulato.

86 1306 215 1383 Altera
236 1303 381 1403 insuper
400 1303 592 1376 necessaria
612 1314 665 1376 est
687 1297 912 1396 hominibus,
937 1303 999 1404 qui
1020 1301 1144 1378 dicunt

87 1456 157 1538 pro
180 1431 348 1504 concione
368 1427 501 1529 populi.
554 1431 709 1504 Tertiam
730 1454 811 1501 cum
832 1407 978 1529 utreque
997 1435 1144 1530 conjun-

88 1575 185 1635 ctam
207 1557 336 1629 habere
360 1554 492 1628 debent
512 1555 696 1646 Oratores,
721 1555 783 1656 qui
804 1553 851 1628 ud
874 1553 1072 1630 auditorum
1093 1554 1146 1630 di·

89 1700 180 1761 cunt
199 1685 468 1788 persuasionem.
521 1681 688 1784 Quatnor
705 1706 825 1753 omnes
838 1707 919 1760 vero
936 1681 975 1754 in
991 1663 1145 1754 ¹Oratore

91 1813 320 1914 requiruntur
345 1809 471 1900 Sacro,
507 1809 568 1912 qni
596 1809 664 1882 hoc
687 1805 810 1880 eodem
837 1804 983 1880 consilio
1016 1805 1062 1881 de
1092 1833 1146 1884 re·

1 2029 2 2056 χ
92 1940 161 2014 bus
180 1937 269 2013 dicit
291 1935 506 2012 Christianis.
553 2033 556 2042 Ι

562 2109 594 2207 l·
642 2134 678 2204 e·

143 2288 339 2388 Incipimus
357 2313 377 2358 a
391 2286 665 2382 perspicuitate,
685 2309 790 2384 quam
801 2283 1054 2379 popularitatis
1074 2311 1152 2386 pnr-

98 2429 171 2490 tem
196 2439 295 2505 esse,
320 2437 425 2518 supra
451 2409 653 2484 monuimus
678 2406 778 2510 (ἦ),
802 2419 839 2481 et
855 2435 942 2512 quae
970 2407 1010 2485 in
1028 2410 1154 2488 dictio·

96 2568 143 2616 ne
164 2539 341 2631 cernitur,
366 2537 494 2640 siquis
516 2539 566 2610 ita
585 2533 693 2628 dicit,
719 2549 759 2608 ut
775 2535 822 2610 ab
845 2536 1065 2618 auditoribus
1083 2538 1153 2614 suis

99 2666 199 2742 lacile
222 2664 434 2766 intelligatur
459 2661 538 2763 (⁶).

569 2836 601 2936 ι.
650 2835 687 2914 o.

149 3011 453 3112 Quemadmodum
472 3012 511 3084 in
536 3009 603 3084 vite
629 3015 807 3087 communi
833 3041 955 3089 omnes
975 3011 1157 3112 homines,

103 3145 163 3246 qni
183 3141 227 3216 eb
253 3141 330 3215 eliis
351 3135 497 3238 intelligi
520 3137 665 3229 volunt,
690 3144 873 3242 perspicue
902 3139 1001 3246 loqui
1027 3171 1160 3218 conan-

104 3285 183 3365 tur;
220 3267 270 3343 sic
304 3267 489 3342 Oratorem
525 3263 670 3338 Sacrum
704 3263 858 3341 dictione
889 3272 1076 3371 perspicua
1108 3271 1161 3344 uti

6 3435 8 3454 ι
105 3419 179 3469 non
210 3393 325 3468 solum
348 3391 582 3466 humanitatis
611 3389 712 3496 jubet
732 3389 913 3496 officium,
951 3393 1054 3470 sed
1043 3419 1162 3500 rpsum

6 3515 8 3522 ’
108 3525 209 3596 etiam
235 3515 327 3593 illud
348 3519 560 3611 consilium,
586 3545 655 3620 quo
683 3545 749 3622 pro
773 3519 941 3594 concione
965 3517 1074 3600 dicit:
1101 3523 1162 3626 qui

7 3669 9 3740 ι
109 3649 202 3721 enim
231 3671 304 3720 non
328 3644 555 3743 intelligitur,
592 3647 728 3720 etiamsi
755 3649 788 3718 ei
818 3647 1004 3725 verborum
1032 3679 1165 3754 pompe

109 3772 344 3850 Phantasiam
368 3769 516 3844 aliorum
549 3773 697 3846 excitare
722 3773 923 3872 contingat,
949 3769 1083 3852 nemini
1111 3791 1166 3850 tn-

1063 3927 1166 3998 men,

148 4095 202 4166 (il
217 4093 290 4149 Pali·
301 4089 324 4147 Ῑ·
341 4107 402 4168 ⁰³1>-
418 4111 439 4146 1·
459 4095 483 4168 5.
497 4093 530 4150 ³3
543 4061 604 4166 squ.

152 4186 201 4258 i')
217 4183 305 4263 Sors
316 4201 401 4238 uun
412 4224 421 4255 ,
434 4192 590 4260 praecepta
606 4183 666 4240 still
686 4181 755 4239 benc
779 4181 870 4241 latini.
900 4181 977 4240 Part.
992 4179 1028 4242 11,
1043 4203 1074 4264 p.
1090 4187 1149 4254 507,

531 4270 782 4386 .=L2·
