2752 5022
145 370 195 478 l’.
211 402 265 476 Il.¹
290 401 329 474 G.
351 401 424 478 Ill.
474 399 531 472 lle
555 399 653 472 Orat.
678 397 808 476 Sactnc
824 397 1002 494 panthus.
1052 369 1121 490 ‚ide

78 593 184 673 uenti
214 595 514 698 propositionem,
558 620 671 696 neque
702 597 868 672 orationis
898 596 1122 697 partitionem

78 724 233 798 usitatam
246 724 360 796 xfuisse
383 721 544 798 vidimus.
593 720 698 815 Quod
719 749 800 796 cum
829 721 1011 810 imitentur
1031 725 1144 798 Ora--

75 863 159 922 tores
184 851 278 924 Sacri
289 863 438 922 nostrae
462 850 606 938 aetatis,
632 848 670 926 hi
685 871 822 950 quoque
836 871 924 938 ‚ne
943 875 1045 926 causa
1064 877 1125 926 au·

74 974 240 1050 ditoribus
257 978 374 1050 minus
388 977 649 1075 perspectasit,
668 999 785 1048 rerum
797 997 987 1070 summam,
1001 979 1122 1078 ‚prius-

73 1129 174 1203 quam
198 1101 340 1178 dicendi
360 1103 468 1176 finem
486 1104 637 1191 faciunt,¹
662 1099 823 1200 colligere
846 1101 1023 1203 oculisque
1041 1103 1122 1178 subss

72 1231 173 1332 jicere
206 1230 349 1306 debent.
398 1227 454 1302 Ab
478 1229 521 1302 iis
543 1249 646 1315 vero,
683 1229 744 1327 qui
779 1215 971 1326 argumenti
993 1253 1122 1329 propo,-
1217 1243 1221 1250 '

72 1357 229 1430 sitionem
249 1371 285 1431 at
311 1355 476 1429 orationis
506 1355 727 1455 partitionem
757 1355 951 1448 tracmtioni
972 1357 1120 1454 praemi-

10 1563 11 1574 *
72 1484 196 1573 serint,
215 1483 460 1583 repetitionem
474 1481 547 1553 sine
565 1478 694 1557 damno
716 1480 943 1579 praeteritum
955 1480 1000 1554 iri
1020 1493 1120 1579 puta·

10 1635 11 1680 3
72 1633 168 1703 mus,
206 1613 276 1684 nisi
306 1637 346 1686 ea
370 1597 459 1684 forte
489 1610 682 1682 necessaria
708 1608 753 1680 sit
781 1605 827 1681 ad
857 1607 1117 1692 conclusionem

72 1740 327 1811 remoratione
355 1734 644 1812 connectendam:
672 1729 967 1833 quemadmodum
985 1747 1021 1810 et
1050 1761 1117 1834 per

10 1919 12 1956 s
71 1873 174 1936 totaim
208 1867 398 1940 orationem
426 1863 585 1964 repetitio
619 1859 865 1972 nonnullorum
898 1858 993 1934 haud
1010 1883 1114 1962 raro·

71 1969 238 2065 auditores
270 1991 438 2092 adjuvat,
476 1999 518 2062 ut'
550 1989 677 2061 seriem
706 1953 972 2085 argumentandi
1003 1952 1149 2088 probe‘

10 2135 12 2194 t
72 2133 290 2220 assequantur
315 2121 404 2220 (†).

520 2269 549 2368 §-
600 2245 658 2344 aa.

9 2483 11 2552 p
115 2445 345 2521 Conclusione
370 2457 500 2538 carere
516 2445 640 2544 nequit
671 2445 800 2534 oratio,
835 2419 891 2513 oui
923 2439 1020 2515 deest
1054 2445 1114 2543 ap'.

70 2571 224 2670 plicatio,
249 2585 425 2674 postremo
451 2573 486 2646 in
513 2569 589 2645 loco
620 2573 756 2671 posita,
782 2567 1002 2666 vel'singulis
1029 2595 1113 2668 par·

71 2697 154 2774 tibus
178 2699 344 2800 subjecta.
395 2695 471 2774 Nec
493 2700 559 2771 sni.
577 2696 789 2770 desiderium
820 2694 1016 2796 relinquere
1035 2710 1114 2798 poti

9 2843 10 2906 i
70 2841 138 2919 est,
172 2825 421 2902 uhialterutra
445 2825 588 2927 quidem
618 2821 802 2924 applicatio
825 2822 1023 2923 reperitur,
1045 2821 1109 2896 sed

9 2989 11 3032 i
70 2952 110 3026 ad
142 2967 277 3026 mentes
309 2952 532 3026 auditorum
542 2953 627 3024 satis
652 2949 770 3023 vivido
802 2950 907 3022 totius
944 2948 1112 3022 orationis
1234 2969 1239 2982 ·

9 3141 10 3180 f
69 3103 161 3152 sensu
191 3077 385 3199 implendas
417 3080 534 3150 minus
565 3074 838 3178 comparata(
850 3081 891 3183 )5
924 3073 1000 3150 Ubi
1026 3101 1108 3152 vero

9 3251 11 3268 »
68 3182 244 3306 applicatio
271 3232 308 3278 se
339 3179 404 3278 irae
423 3201 504 3276 nola
525 3177 805 3290 commendat,
796 3199 910 3274 omnis
934 3177 1112 3274 conclusio
1225 3261 1226 3265 ,

9 3329 10 3404 ἶ
67 3310 334 3433 supervacanea,
361 3345 487 3432 atque
488 3321 565 3403 ideo
589 3319 820 3434 improbanda
848 3325 899 3399 est
924 3317 1045 3439 (ἓ).
1099 3299 1107 3329 ’

399 3507 404 3516 ’
512 3507 541 3604 §s
592 3507 650 3581 83.·

9 3619 11 3760 l
107 3659 406 3778 Quemadmodum
426 3695 541 3754 autem
566 3681 825 3754 conclusionem
848 3649 915 3749 lro'e
945 3703 1025 3752 cum
1051 3683 1105 3750 νέ-

9 3823 10 3902 l
144 3889 147 3897 .
690 3880 726 3896 ,,
775 3883 803 3894 ,,
1042 3813 1109 3904 pek·

95 3987 153 4079 ll)
170 4007 316 4078 Senorr,
334 4007 416 4064 To'm.
433 3987 470 4060 ll.
489 4021 518 4080 p.
540 3993 590 4070 lq'o
608 4004 670 4076 sqql

94 4093 143 4168 (*)
158 4096 396 4165 Tzscnrnnnn,
416 4093 434 4149 l·
453 4111 474 4149 c.
493 4113 521 4169 p.
540 4092 588 4144 216
607 4109 667 4164 sqq.

97 4183 142 4254 iffi)
158 4181 298 4257 sciton,
319 4185 402 4254 Tem.¹
420 4180 470 4242 HI.
494 4201 520 4259 p.
545 4186 591 4248 242
612 4195 674 4252 5qu

603 4271 635 4344 L
688 4303 691 4310 .
