2860 5022
271 407 335 484 nv·
559 355 1034 482 rn‘rnrurro.

273 591 482 709 pernoster
518 625 645 675 naurs
682 625 765 677 van
793 621 1098 688 urnxnotvnn.
1145 607 1191 682 In
1212 609 1328 688 Theo·

269 733 363 833 logia
395 743 533 820 autem,
557 755 644 831 quae
675 741 792 804 nostra
822 734 999 831 provincia
1022 747 1095 828 est,
1130 755 1206 812 erse
1219 740 1326 836 fite·

272 881 356 933 mur
377 857 573 948 nonnulla,
607 879 703 958 quae
725 881 797 931 non
824 871 967 966 tanturn
993 866 1138 958 aptius,
1161 865 1227 939 sed
1253 871 1326 940 uti.

271 985 342 1060 lius
377 983 545 1058 hodierno
572 983 731 1085 quodam
761 1011 919 1062 sermone
949 991 1182 1086 replicentur.
1231 993 1324 1068 Sunt

273 1139 412 1203 arnrr,
440 1111 565 1211 optimi
584 1109 711 1183 harum
733 1139 850 1187 rerum
869 1114 1012 1217 judicia,
1039 1115 1165 1211 verba,
1190 1118 1324 1196 Biblio-

271 1241 394 1316 thecae
426 1241 572 1312 Criticae
604 1241 732 1312 Nouae
752 1242 959 1340 praemissa:
988 1269 1075 1346 quae
1104 1243 1231 1346 quidni
1261 1273 1323 1347 ego

270 1373 348 1444 sine
384 1363 545 1466 scrupulo
578 1365 623 1438 ad
654 1365 911 1442 Cateclzeticom
940 1371 1088 1458 referam
1121 1385 1157 1444 et
1188 1373 1322 1448 Curam

270 1491 518 1570 Pastoralem:
542 1491 608 1564 hac
636 1503 756 1566 tamen
775 1493 995 1588 conditione,
1020 1523 1067 1571 ne
1092 1499 1171 1600 quis
1193 1524 1322 1572 sermo-

270 1623 327 1698 nis
361 1621 521 1697 hodierni
551 1644 654 1693 usum
679 1619 781 1722 plane
805 1619 900 1694 dicat
925 1626 1189 1699 necessarium?
1223 1627 1321 1701 Etsi

270 1753 329 1825 cui
351 1749 444 1824 hanc
470 1749 626 1822 Oratoris
650 1749 745 1821 Sacri
773 1749 1035 1824 Institutionem
1061 1751 1176 1852 lingua
1203 1767 1324 1828 verna·

270 1877 347 1953 cula
374 1875 512 1950 tradere
541 1871 737 1978 placuerit,
756 1873 854 1951 illud
877 1877 962 1950 Ferri
985 1901 1106 1980 posse,
1134 1875 1231 1954 ultro
1255 1877 1323 1953 lar·

270 2009 355 2106 gior.
411 2005 577 2078 Ceterum
607 2027 690 2078 vero
725 2006 839 2078 omnis
874 2003 1041 2104 Theologi
1068 2005 1239 2080 institutio
1263 2007 1321 2081 'sit

268 2149 474 2234 maneatque
499 2131 634 2221 Latina.

318 2259 506 2334 Oraculum
531 2255 626 2348 edis,
653 2256 812 2330 aeside
838 2257 996 2358 tripode:
1024 2257 1087 2332 sed
1114 2257 1238 2361 quod,
1262 2283 1321 2333 ve·

267 2415 371 2480 reor,
409 2401 449 2459 ut
480 2390 650 2483 majorem
690 2383 816 2456 habeat
850 2382 980 2476 fidem,
1017 2411 1122 2486 quam
1156 2407 1319 2486 responsu

266 2538 516 2598 uronnrnrs
552 2511 701 2610 Pythii!

316 2645 441 2717 Errare
473 2643 604 2743 quippe
630 2641 823 2714 humanum
852 2653 916 2712 est.
965 2638 1130 2714 Attamen
1160 2640 1252 2714 hanc
1277 2643 1318 2716 iu

268 2771 477 2844 sententiam
498 2794 556 2842 me
579 2767 692 2841 omnis
712 2791 790 2839 mea
813 2765 978 2868 perduxit
999 2769 1228 2868 experientia,
1255 2791 1313 2840 ne·

217 2928 224 2940 ·
269 2923 338 2998 que
362 2921 438 2969 mea
465 2909 629 2984 tantum,
663 2919 751 2994 quae
777 2895 912 2966 tenuior
945 2907 1021 2984 est,
1057 2891 1120 2967 aed
1151 2895 1314 2968 Virorum

269 3021 569 3112 Clarissimorum,
604 3045 826 3095 voousrrr
856 3020 961 3094 etiam
984 3021 1077 3111 mei,
1104 3020 1182 3120 plus
1212 3047 1316 3121 quam

269 3148 544 3251 septuagenarii,
570 3163 606 3220 et
639 3173 826 3238 ranam,
864 3146 910 3221 ad
939 3161 1087 3220 aetatem
1117 3145 1212 3220 illam
1243 3172 1319 3220 ver·

269 3278 403 3375 gentis,
427 3273 635 3376 quibuscum
666 3274 745 3375 plus
772 3275 879 3348 semel
910 3275 973 3346 hac
1003 3272 1048 3344 de
1072 3299 1109 3346 re
1133 3300 1189 3347 me
1218 3273 1318 3347 collo·

268 3406 329 3504 qui
351 3403 506 3475 memini.

317 3529 529 3604 Gravissima
548 3553 633 3602 vero
666 3531 868 3621 auctoritas,
891 3554 1031 3602 necesse
1053 3543 1170 3604 tamen
1187 3543 1258 3620 est,
1276 3540 1316 3601 ut

266 3655 311 3730 ad
330 3681 406 3730 eam
428 3653 571 3732 accedat
592 3672 871 3760 argumentorum
896 3655 1057 3757 pondus!

315 3785 370 3859 Ita
392 3799 463 3875 est,
489 3785 657 3858 benevole
683 3799 718 3856 et
734 3785 842 3858 amice
864 3787 1010 3859 Lector!
1038 3783 1108 3858 Sed
1130 3811 1229 3860 aures
1252 3784 1316 3858 ad·
1389 3777 1394 3784 ’

265 3911 385 3984 verte!
411 3913 569 3988 Narrabo
586 3912 652 3984 tibi
669 3909 758 3984 illud
783 3936 904 4004 omne,
930 3909 1026 4012 quod
1047 3911 1212 4010 gaudium
1228 3911 1318 3984 mihi

267 4039 371 4129 facit,
397 4065 478 4110 cum
507 4039 680 4112 sermonis
698 4037 814 4112 Latini
834 4065 935 4113 usum
957 4065 998 4112 ex
1017 4038 1145 4112 scholis
1167 4040 1317 4128 nostris,
1420 4135 1421 4146 ἵ

266 4163 367 4265 longe
400 4165 558 4268 plurimis
600 4155 744 4259 saltem,
785 4165 944 4240 nondum
979 4167 1139 4271 exulasse·
1166 4165 1314 4242 videam.

1244 4289 1320 4362 Pri·
