2790 5018
149 447 305 546 quaein
329 443 485 516 oratioue
510 437 622 542 Sacra
636 439 817 536 facienda
841 431 1006 517 centon.
1050 443 1128 516 «att
1214 493 1223 543 ,

85 644 212 745 quippe
231 636 326 741 quod
343 640 526 712 Oratorem
536 633 680 709 Sacrum
696 664 906 738 magnopere
920 638 1072 742 juvabit,
1091 649 1131 709 ut

84 770 211 842 interca
233 786 372 838 cainam
392 763 647 863 suscipiendam
669 763 714 838 ab
735 764 830 840 omni
843 781 962 866 parte
976 765 1133 852 conside·¹

83 918 180 982 rare,
216 889 350 989 singula
378 888 476 990 quasi
516 891 720 983 ruminare,
758 907 885 995 atque,
925 894 1058 989 ingenii
1096 904 1133 971 ot

82 1019 301 1094 Phantasma
324 1040 412 1116 ope,
440 1016 548 1090 multa
570 1017 838 1096 sibi·¹luminosa
863 1017 909 1092 ad
933 1019 1132 1118 proximum

81 1173 177 1224 usum
199 1167 325 1245 parare
349 1143 459 1241 possit
483 1143 576 1244 (qt).

494 1297 577 1382 ‘t
625 1298 661 1373 6.

125 1464 274 1537 Inventa
301 1459 467 1548 materia,
479 1457 630 1556 formae
646 1467 880 1563 partiumque
906 1465 1062 1563 sequitur
1079 1463 1133 1534 in·-

18 1595 19 1600 ’
82 1590 216 1682 ventio,
242 1587 281 1662 id
311 1598 383 1676 est,
411 1585 576 1660 orationis
612 1587 793 1684 dispositio
821 1590 866 1664 ad
896 1590 1028 1687 regulas
1057 1590 1131 1662 illas

18 1739 19 1742 ’
83 1719 243 1808 um'tatis,
266 1714 566 1788 concinnitatis-et
584 1717 834 1812 simplicitatis,
859 1718 985 1818 quibus
1008 1717 1133 1788 oratio·

83 1868 157 1918 nem
180 1857 255 1920 tum
284 1839 518 1936 Analyo'cam
540 1868 646 1942 quam
672 1828 913 1940 Syntletieam
937 1842 1132 1940 subjectam

84 1994 152 2042 csse
184 1970 397 2044 monuimus.
457 1966 544 2042 ΗοοΙ
567 1983 685 2044 antem
722 1993 809 2070 opus
840 1969 934 2043 hand
967 1970 1132 2059 scio„an
1231 1962 1234 1968 ’

84 2096 237 2172 omnium
261 2092 506 2176 difficillimum
530 2095 576 2168 sit
599 2096 695 2195 (')..

545 2250 575 2348 t·
626 2277 662 2350 7·

126 2411 271 2487 Initium
302 2411 384 2488 duci
407 2409 512 2482 debet
540 2438 560 2482 a
587 2413 785 2486 Literarum
811 2415 1002 2490 Sacrorum
1033 2394 1131 2507 loco’,

85 2537 139 2637 qui
163 2527 236 2641 pro'
265 2525 432 2613 concione
466 2535 693 2630 tractabitur,
726 2554 799 2612 tam
830 2556 988 2613 accurate
1012 2535 1133 2642 perlut

85 2665 240 2758 strando,
254 2679 294 2738 ut
312 2666 451 2764 penitus
469 2661 700 2762 intelligatur,
722 2679 757 2737 et
779 2666 869 2739 nihil
884 2681 942 2739 aut
961 2668 1131 2766 ambigui·

85 2795 157 2864 tatis
189 2805 250 2866 aut
276 2785 494 2866 obscuritatis
527 2793 559 2864 ei
590 2789 806 2892 relinquatur
830 2793 915 2893 (§)³
950 2810 1023 2870 tum
1049 2823 1130 2872 vero

85 2922 242 2994 orationis
266 2931 492 3018 argumento.
518 2919 588 2991 sive
618 2933 718 3008 ante,
743 2945 805 2992 seu
829 2933 908 3018 post
938 2920 1006 2994 loci
1039 2921 1130 2996 illius

84 3043 315 3120 inventionem
336 3048 374 3118 in
400 3060 556 3118 mentem
578 3044 722 3133 incidit,
747 3046 929 3145 diligenter
959 3074 1130 3140 excusso,
1246 3082 1251 3086 -

84 3175 151 3267 ejus
181 3187 217 3246 et
232 3175 429 3272 propositio
454 3170 650 3272 quaerenda
678 3187 731 3244 est
766 3185 802 3244 et
820 3177 990 3268 putitio:
1011 3171 1014 3176 ’
1033 3173 1129 3274 quod

82 3319 169 3373 nunc
195 3323 403 3401 progressu,
428 3325 521 3370 nunc
542 3323 699 3398 regressu,
713 3301 789 3372 fieri
807 3314 953 3374 constat.
1115 3309 1122 3321 '

1036 3483 1065 3586 t·
1090 3489 1128 3592 o

111 3681 171 3781 (,†)
195 3679 400 3750 trenna,
429 3678 580 3738 Homiletik
610 3684 662 3733 etc.
690 3698 718 3754 p.
740 3697 899 3754 191,192.=
928 3695 1071 3744 auoit,
1098 3695 1127 3751 p.

83 3771 134 3832 175.
628 3822 632 3840 ,

24 3899 25 3918 i
114 3855 164 3924 (“)
193 3861 376 3930 Quinctio.
407 3859 466 3917 Lib.
482 3857 548 3922 Vll,
572 3875 632 3934 cap.
650 3876 833 3922 rnraunr,
856 3855 966 3911 Torul.
990 3876 1018 3930 p.
1034 3857 1075 3910 62.

24 3933 25 4002 l
113 3947 166 4018 (ἓ)
193 3949 348 4004 biterarnm
373 3949 517 4004 Sacrorum
546 3946 605 4003 locs
625 3945 670 4005 vel
694 3945 852 4014 historiam,
880 3945 924 4002 vel
951 3945 1123 4014 doctrinam,

24 4031 25 4038 ¹
83 4030 123 4092 tel
140 4045 286 4112 utramque
303 4039 385 4100 siruul
407 4035 565 4094 continent:
583 4036 633 4092 sed
653 4033 822 4110 quibusnam
845 4031 1005 4088 nominibus
1028 4053 1128 4094 cornui

24 4121 25 4155 ³
82 4115 183 4178 differat
218 4126 369 4198 lustratio,
396 4126 497 4182 doecre
533 4135 670 4182 conantur
707 4142 929 4190 osrsnvrno,
956 4143 985 4198 p.
1007 4129 1038 4190 75
1067 4141 1126 4201 sqq.

81 4221 331 4284 torruerunt,
360 4237 390 4298 p.
408 4224 454 4291 tta
475 4235 536 4292 sqq.
563 4234 748 4286 urrunnun,
773 4233 802 4287 p.
821 4221 868 4270 rto
893 4229 954 4290 sqq.
982 4211 1092 4289 aliique.

658 4305 728 4384 85
