2752 5022
248 435 314 512 182
363 431 411 514 P·
428 437 484 510 ΙΙ.
510 425 632 506 ᾶΙΚ
681 431 737 513 Dc
764 431 861 512 orae.
888 431 1206 518 sacredotum.

239 631 401 730 rogatio,
424 626 454 700 si
477 621 596 713 sobria
609 649 649 706 tc
673 625 887 726 prudenter,
911 657 978 708 nec
994 657 1070 712 non
1092 635 1133 714 in
1152 662 1194 714 rc
1212 663 1293 738 per-

239 755 361 858 spicua
386 740 428 834 etv
450 752 663 854 argumentis
692 757 766 854 ium
792 753 938 854 probata
963 775 1172 862 osupum:
1209 791 1293 848 nan

237 905 313 969 cort
336 880 451 966 tolum
470 903 594 962 caune
616 891 733 980 partes
754 877 801 954 ad
821 882 1000 966 auditune
1015 889 1208 984 namon,
1230 891 1296 970 sed

238 1006 413 1101 etiamsi
435 1031 477 1088 ex
496 1006 774 1108 pectoreprodit
792 1011 1122 1107 commem-adom
1143 1041 1298 1098 eorumn-

236 1135 373 1220 vendor
388 1135 524 1236 egregie
545 1148 741 1236 comparata
757 1150 822 1215 est.
869 1140 1126 1220 verumtamen
1145 1143 1220 1226 duo
1241 1170 1297 1220 ca·

235 1261 353 1338 venda
375 1275 480 1342 runt:
504 1259 673 1352 duum,
703 1287 749 1339 ne
781 1264 861 1366 quis
883 1267 1061 1362 crebrius,
1089 1293 1200 1372 'quam
1230 1299 1297 1374 par

236 1405 311 1484 est,
343 1389 408 1462 hac
434 1391 542 1488 figura
575 1401 714 1482 utatur,
744 1391 839 1490 quod
868 1407 905 1468 et
940 1401 1015 1495 ejus
1050 1393 1296 1472 efficacitatem

236 1517 464 1607 comminuit,
489 1527 526 1589 ct
553 1517 751 1590 varietatem
778 1515 944 1596 dictionis
976 1520 1086 1614 tollit,
1119 1536 1153 1594 et
1183 1525 1296 1622 ipsius

236 1644 393 1720 Oratoris
414 1630 506 1718 vir'es
531 1643 636 1716 nimis
662 1641 805 1736 deterit;
829 1643 1001 1740 alterum,
1025 1675 1072 1722 ne
1103 1651 1181 1752 quis
1212 1675 1296 1724 oon-

144 1773 146 1782 ’
234 1775 371 1846 cionem
390 1773 437 1846 ita
457 1771 664 1870 interroget,
690 1783 730 1844 ut
756 1771 809 1846 rei
831 1771 973 1877 aiicujus
1002 1775 1132 1852 dubiae
1159 1791 1221 1852 aut
1243 1781 1298 1852 in-

236 1912 354 1972 certae
377 1899 639 1972 concessionem
664 1911 803 1997 urgeat,
828 1913 887 1973 aut
915 1903 977 1974 uni
1004 1901 1147 1979 alterive
1175 1930 1296 1980 ansam

235 2025 300 2100 sihi
325 2023 396 2100 atta
419 2050 503 2101 voco
527 2023 766 2127 respondendi
786 2025 952 2128 praebeat
975 2027 1064 2130 (ᾗ).

696 2182 727 2280 §.
778 2180 837 2257 51.

283 2343 402 2438 Longe
426 2337 585 2418 audacior
607 2361 711 2438 quam
728 2339 955 2438 interrogatio
974 2353 1029 2416 est
1048 2341 1295 2442 monmorde,

234 2469 428 2548 orationem
455 2463 498 2539 ab
527 2461 743 2544 auditoribus
768 2491 864 2542 nunc
895 2467 940 2542 ad
969 2467 1051 2545 alios
1087 2485 1293 2552 convertens

232 2595 367 2668 ratione
386 2588 578 2693 praeditos,
603 2618 699 2666 nunc
723 2575 768 2664 ad
791 2591 894 2665 bruta
917 2608 952 2669 ct
968 2595 1180 2688 inanimata,
1204 2626 1295 2702 quae

231 2747 297 2822 per
320 2723 622 2816 Prosopopoeiam
648 2720 782 2792 ratione
809 2721 966 2820 praedita
995 2748 1069 2798 esso
1099 2726 1293 2826 finguntur.

231 2849 328 2921 Haec
354 2825 498 2948 utraque
533 2859 648 2918 antem
677 2847 901 2946 Apostrophe
928 2847 1074 2923 Oratore
1107 2852 1210 2924 Sacro
1240 2853 1295 2928 di.

233 2977 399 3075 gnissima
421 2973 562 3075 quidem
585 2987 654 3063 est,
682 2971 745 3046 sed
773 2999 847 3048 non
874 2975 943 3051 nisi
964 2976 1002 3050 in
1026 2975 1112 3052 locis
1134 2983 1295 3077 gravissi·

231 3105 299 3177 mis
318 3113 420 3203 atque
441 3097 630 3172 admodum
647 3077 972 3204 percensurpanda.
1005 3103 1111 3178 rNam
1136 3107 1187 3178 uti
1207 3107 1295 3181 haec

231 3233 360 3332 figura,
386 3255 428 3302 ex
458 3225 608 3300 dicentis
632 3240 774 3327 pectore
807 3241 843 3302 et
872 3242 1076 3332 opportune
1094 3249 1296 3335 expromtn,

233 3355 420 3432 hominum
439 3357 573 3430 animos
592 3380 733 3429 sursum·
750 3354 867 3454 erigit,
888 3356 946 3432 vel
967 3357 1116 3433 stimuirs
1133 3365 1295 3438 acutissi-

233 3488 302 3558 mis
319 3487 465 3586 pungit3
492 3483 544 3558 sic
568 3509 669 3572 earn,
695 3483 725 3554 si
744 3483 880 3557 artificii
903 3482 1022 3584 prodit
1042 3487 1209 3586 vestigia,
1236 3516 1295 3564 au.

232 3610 408 3684 ditoribuo
434 3637 498 3712 pro
523 3608 637 3682 calore
664 3609 770 3704 frigus
800 3595 943 3702 afferre,
970 3624 1006 3682 et
1030 3611 1084 3684 vel
1107 3613 1294 3691 Oratorem

232 3737 421 3814 ridiculum
445 3738 560 3814 facero
585 3735 691 3813 docet
715 3735 930 3834 experientia
955 3735 1045 3838 (⁸³).
1178 3840 1197 3938 ἓ
1236 3843 1258 3917 5

271 4033 331 4106 (†)
362 4046 544 4100 erasure,
573 4049 603 4106 p.
622 4035 682 4104 988.
709 4045 1046 4106 narruran,p.177,
1068 4035 1124 4100 178.
1157 4051 1294 4111 nanu,

230 4119 313 4178 Tom.
324 4123 346 4177 1.
365 4143 392 4198 p.
408 4140 465 4194 129.
497 4135 714 4188 cucurrero,
732 4137 762 4196 p.
777 4124 827 4186 aod
845 4138 904 4193 sqq.

265 4209 324 4284 (”)
344 4211 527 4280 Erasmus,
546 4227 574 4285 p.
595 4211 668 4268 ιοιθ.
697 4225 839 4277 nourr,
859 4205 1293 4284 Torn.1,1‘.3ss5,366.Tonr.

230 4299 263 4358 ῙῘ,
283 4317 309 4376 p.
330 4303 399 4370 259,
419 4307 475 4358 roo.
