2818 5022
192 293 197 308 ι
236 343 291 428 §8⁵
481 351 577 431 Pars
596 354 626 425 1.
655 313 793 447 CapsI.
843 313 909 428 De
924 321 1038 454 ffclo

228 552 384 624 monent.
433 546 628 668 Quidquicl
642 537 748 624 enim'
763 549 868 626 alicui
891 543 1194 624 accommodatum
1222 543 1285 618 ha·

227 675 391 768 habitur,
419 673 488 747 tale
520 703 594 750 esse
617 676 745 770 debet,
774 689 815 749 ut
842 673 887 749 ab
917 701 959 750 eo
986 671 1134 772 intelligi
1157 671 1282 773 possit.

154 859 159 870 .
231 804 340 903 Atqui
364 803 490 895 oratio,
515 827 603 902 quae
621 803 808 910 verborum
822 803 1069 912 perspicuitate
1094 809 1211 890 caret,
1238 823 1285 870 ne

231 928 277 1002 ab
308 926 452 1001 eruditis
477 927 621 1030 quidem
645 927 825 1038 doctisque
850 931 952 1022 viris,
974 925 1241 1046 multosminus
1266 953 1286 998 a

229 1053 360 1158 populo
386 1055 601 1153 intelligitur.
772 1141 777 1150 .

539 1203 543 1212 ·
682 1212 713 1311 5.
763 1197 821 1284 352
852 1197 857 1206 '
924 1191 938 1204 ”

279 1367 474 1441 Verissima
500 1389 637 1469 quoque
668 1379 704 1438 et
729 1364 914 1450 utilissima
940 1364 1132 1439 multomm
1164 1364 1288 1439 admo·

232 1496 321 1568 nitio
338 1505 410 1584 est,
435 1505 475 1564 ut
495 1493 603 1564 oratio
624 1479 764 1593 populo
780 1490 1036 1564 accommodata
1058 1496 1123 1585 sit,
1148 1490 1199 1567 ad
1218 1517 1286 1566 ver·

232 1615 358 1690 borum
380 1601 671 1717 perspicuitatem·
684 1601 803 1692 rerum
825 1620 946 1709 etiam,
970 1625 1059 1719 quae
1073 1631 1288 1708 tractantur,

235 1741 392 1844 adeoque
411 1757 447 1814 et
470 1747 683 1842 argumenti,
708 1757 744 1816 et
762 1745 914 1834 formae,
938 1757 974 1816 et
997 1744 1150 1844 partium
1164 1744 1289 1816 oratio-

233 1870 290 1940 nis
313 1871 600 1964 perspicuitatem
627 1867 981 1970 accedereoportere.
1031 1869 1106 1942 Hae
1133 1873 1235 1943 enim
1264 1871 1291 1942 si

236 1993 443 2068 obscuritate
461 1991 639 2084 laborant,
656 2009 715 2068 aut
729 1995 826 2094 vulgi
844 2009 939 2068 certe
951 2007 1091 2096 captum
1103 2005 1292 2095 superant,

237 2121 363 2210 oratio,
387 2105 469 2198 licet
498 2117 605 2190 verba
630 2125 704 2219 ejus
731 2119 919 2194 admodum
942 2123 1013 2196 sint
1038 2123 1250 2224 perspicua,
1274 2145 1294 2188 a

236 2242 367 2346 populo
390 2242 537 2342 intelligi
556 2225 683 2344 necarit
706 2246 798 2344 (†).³
950 2311 963 2350 .-

693 2400 727 2496 §J
759 2398 832 2473 36.

253 2616 262 2629 .
285 2552 463 2650 Quotquot
486 2577 569 2628 vero
594 2553 759 2628 orationis
786 2552 1053 2652 popularitatem
1078 2555 1146 2628 hac
1169 2551 1291 2640 verbo

237 2703 316 2750 rum
336 2690 373 2748 et
392 2703 509 2752 rerum
532 2679 779 2778 perspicuitate
799 2681 1100 2780 circumscriptam
1121 2705 1199 2756 esse
1220 2680 1298 2780 opi-

107 2815 112 2828 '
239 2816 388 2892 nentur,
411 2805 560 2878 mirifice
579 2816 692 2875 totum
714 2829 795 2876 cum
812 2819 910 2902 parte
931 2805 1166 2898 contundere,
1191 2829 1297 2878 nemo

240 2926 479 3015 inficiabitur,
503 2928 564 3026 qui
593 2925 897 3020 animadverterit,
929 2930 1103 3031 quidquid
1122 2930 1298 3032 populare

243 3051 315 3138 sit,
346 3050 452 3130 etiam
473 3052 699 3150 perspicuum
722 3075 818 3146 esse,
849 3079 917 3128 nec
937 3069 1056 3133 tamen
1079 3083 1186 3138 omne
1221 3083 1300 3158 per·

244 3174 404 3274 spicuum
423 3199 498 3246 esse
521 3174 695 3276 populare
761 3265 766 3274 ⁵
909 3237 914 3245 .

700 3329 733 3426 ξ.
780 3330 841 3430 37.

293 3478 399 3552 Sicuti
426 3506 553 3588 nempe
578 3483 672 3552 inter
697 3487 984 3577 perspicuitatem
1013 3503 1050 3560 et
1070 3495 1302 3590 populoeita·

174 3613 181 3630 '
246 3615 338 3688 tem,
363 3601 403 3672 id
424 3608 585 3694 interest,
602 3621 642 3677 ut
660 3605 767 3678 altera
784 3621 922 3680 tautum
940 3609 985 3692 ad
1008 3615 1237 3724 intelligendi
1255 3625 1306 3720 fag

250 3723 412 3796 cultatem
435 3743 583 3826 spectet,
607 3729 714 3804 altera
734 3760 815 3808 vero
843 3737 1012 3810 rationem
1036 3739 1165 3817 habeat
1193 3745 1304 3821 totius

291 4041 351 4110 (Η
377 4041 497 4110 Dus,
525 4044 668 4102 humo
701 4049 752 4136 tter
782 4053 935 4111 Homttnik
963 4045 991 4132 p.
1015 4062 1064 4115 311
1094 4079 1160 4136 sqq.
1187 4085 1298 4134 ιιη,

255 4129 440 4184 lemme
461 4151 526 4188 over
547 4135 621 4189 (ἰοὺ
643 4135 775 4214 deugdm.
792 4139 874 4196 Tom.
888 4147 912 4198 1.
934 4143 1025 4202 Praei.
1040 4166 1071 4222 p.
1092 4168 1110 4206 v
1128 4169 1193 4226 sqq.
