2752 5022
287 428 356 530 ¹74
404 421 673 502 1³.11.c.1V.
720 423 778 497 De
806 423 903 498 Orat.
930 425 1061 501 Sacrae
1084 423 1248 513 octone.

197 641 200 648 “
277 623 423 698 dictioni
441 625 554 698 inesse
573 619 702 712 debet,
727 633 770 694 ut
787 626 941 698 oratorio
959 627 1015 700 rit.
1066 623 1261 702 oratoriam
1274 656 1330 704 au·

220 775 224 782 ·
276 765 350 824 tem
372 749 542 824 habemus
567 747 779 840 dictionem,
804 776 892 852 quae
910 775 967 824 res
987 752 1035 826 ita
1056 756 1250 855 proponit,
1270 771 1329 849 ut,

278 877 481 952 Phontasia
505 889 541 949 et
565 901 670 950 sensu
690 873 889 950 auditorum
914 877 1131 972 excitandis,
1158 905 1281 954 eorum
1298 897 1330 956 et

280 1003 474 1080 intellectui
492 1017 734 1093 succurratur,
760 1005 854 1076 etin
873 1004 1089 1080 voluntatem
1111 1019 1234 1108 agutur
1255 1007 1326 1108 (†).

731 1159 763 1256 s.
816 1157 872 1231 30.

340 1313 645 1412 Quemadmodum
681 1338 823 1403 omnes,
862 1326 1031 1415 quotquot
1062 1341 1128 1414 pru
1167 1318 1329 1390 concione

280 1445 403 1546 populi
436 1443 592 1544 apposite
626 1439 671 1514 od
702 1437 986 1542 persuadendum
1019 1439 1163 1536 dicunt,
1196 1447 1331 1518 oratoria

280 1585 427 1644 utuntur
449 1568 624 1661 dictione,
651 1581 692 1640 ut
710 1593 827 1640 rerum
854 1565 1010 1664 gravitati
1037 1567 1224 1644 verborum
1252 1598 1331 1672 pou-

281 1693 348 1772 dus
367 1695 584 1788 adhibeant3
612 1697 662 1769 sic
682 1721 722 1767 ea
742 1718 910 1795 perquam
926 1699 1127 1768 necessaria
1148 1709 1202 1768 est
1218 1697 1330 1770 Orato·

278 1828 310 1896 ri
335 1823 464 1916 Sacro,
489 1823 653 1926 quoniam
683 1823 728 1896 ab
757 1847 797 1892 eo
829 1821 970 1894 tractari
991 1821 1123 1917 solent,
1150 1849 1239 1923 quae
1268 1849 1332 1895 nou

281 1962 420 2025 tantum
445 1978 465 2022 a
489 1947 692 2052 quotidiano
723 1947 967 2050 plerorumque
997 1945 1181 2023 hominum
1211 1973 1331 2024 sermo-

281 2102 328 2148 ne
346 2075 481 2167 aliena,
498 2074 571 2174 'sed
593 2077 709 2176 pravis
736 2077 842 2149 etiam
863 2073 1087 2176 opinionibus
1116 2091 1151 2150 et
1173 2077 1333 2178 cupidita·

281 2200 376 2274 tibus
397 2227 441 2274 ex
460 2199 603 2276 adverso
627 2205 786 2304 opposita
809 2215 892 2274 suut
916 2203 933 2299 (
972 2205 999 2299 ).

747 2357 777 2455 ς.
831 2358 889 2432 31.

331 2513 400 2586 His
413 2517 621 2610 praesertim
642 2509 765 2584 diebus
799 2511 938 2584 Oratori
961 2511 1068 2586 Sacro
1090 2512 1333 2588 dictione-oru-

283 2641 372 2716 toria
399 2667 486 2743 opus
519 2653 593 2731 est,
617 2651 659 2710 ut
689 2642 765 2740 ejus
790 2639 825 2712 vi
854 2653 890 2711 et
921 2637 1142 2734 efficacitate,
1167 2655 1244 2722 tum
1261 2666 1335 2714 coe-

284 2797 365 2843 cum
384 2767 484 2846 illum
510 2769 673 2842 cohibeat
700 2767 894 2867 impetum,
919 2793 988 2869 quo
1019 2767 1206 2860 homines,
1230 2766 1333 2841 multo

283 2897 395 2994 magis
416 2923 524 2998 quam
555 2893 661 2984 olim,
687 2891 732 2964 ad
765 2893 927 2983 mollem,
954 2919 1136 2968 amoenum
1156 2905 1192 2967 et
1216 2891 1335 2967 delica-

284 3036 357 3095 tam
383 3025 492 3095 vitum
520 3021 700 3110 feruutur,
731 3032 809 3094 tum
842 3021 1030 3094 vanitatem
1061 3017 1253 3095 confundar
1281 3045 1336 3092 eo-

283 3175 383 3242 rum,
410 3151 470 3250 qui
502 3149 783 3221 Protestantium
821 3173 986 3239 causam,
1008 3149 1077 3221 uisi
1103 3175 1200 3222 sacra
1225 3173 1336 3222 eorum

285 3302 405 3350 rerum
443 3273 662 3378 quarundam
699 3275 737 3348 in
772 3299 894 3346 sensus
935 3273 1137 3348 cadentium
1177 3273 1335 3377 splendo-

285 3430 324 3477 re
348 3403 583 3476 exhilarentur
610 3415 646 3473 et
672 3414 860 3492 ornentur,
886 3401 925 3473 iu
949 3400 1085 3474 lubrico
1115 3403 1245 3477 versari
1273 3399 1339 3474 cla·

286 3543 387 3604 munt
412 3529 498 3628 (ᾖ).
610 3599 612 3604 ,

1207 3675 1238 3774 ς.
1284 3672 1339 3746 3,.

325 3873 386 3943 (Τ)
415 3871 530 3940 Dius,
549 3888 580 3945 p.
599 3872 650 3924 318
669 3886 728 3943 sqq.

325 3963 379 4036 (¹)
405 3959 480 4020 Part
497 3959 520 4016 1.
546 3977 608 4036 cap.
627 3961 651 4012 3.
679 3961 703 4029 5.
722 3957 773 4026 23,
791 3957 826 4010 60
851 3973 911 4031 sqq.

327 4051 386 4123 (5)
410 4049 571 4106 Furusru
595 4065 659 4104 rur
681 4065 760 4117 ccx,
787 4042 899 4102 Kerkel.
923 4045 1017 4104 redeo.
1041 4045 1082 4119 bij
1101 4044 1137 4102 de
1157 4046 1272 4119 opening
1290 4057 1342 4095 can

290 4139 325 4194 dc
352 4141 407 4217 αῖς.
425 4139 540 4214 Synode
567 4155 625 4192 ene.
659 4137 899 4192 Devales-1818.
925 4136 1018 4195 Reouc
1042 4135 1242 4202 Protectores,
1265 4127 1344 4189 Tom-

291 4229 340 4285 111.
365 4249 394 4305 p.
410 4236 459 4288 285
477 4249 537 4306 sqq.
565 4245 629 4284 vus
656 4244 810 4296 urruns,
835 4241 863 4299 p.
878 4221 957 4286 xvl.
