2774 5022
248 323 304 428 '92
379 328 495 402 P.11.
523 324 565 401 C.
585 329 617 402 1.
665 317 723 398 De
748 325 847 399 orat.
872 321 1004 402 sacrae
1026 329 1185 402 0100000.

248 521 352 632 ¹sidua
372 519 531 620 indigent
544 520 801 612 admonitione,
823 539 869 594 na
886 520 992 596 fastui
1011 545 1046 596 se
1064 520 1227 618 01011000,
1250 505 1309 604 aut

122 675 128 689 ·
251 650 484 754 petulantiae,
509 665 568 726 aut
588 649 715 724 effusae
737 647 891 723 luxuriae
905 647 922 739 ,'
939 661 999 722 aut
1017 639 1096 724 aliis
1113 649 1308 751 opulentio-

251 805 334 854 rum
356 776 539 852 hominum
557 779 730 879 peccatis:
754 788 940 877 utrumque
962 790 1078 848 autem
1100 783 1311 879 conjungen·

118 909 120 914 ’
252 903 340 980 dum
357 919 428 996 est,
454 906 499 996 si,
516 907 569 980 uti
590 903 671 1004 vulg
652 931 692 978 σ0
711 904 772 998 fit,
796 927 861 1006 pro
882 916 1029 1006 utroque
1051 901 1236 980 hominum
1253 931 1310 1007 ge-

252 1057 337 1108 nere
359 1031 501 1108 dicitur.

707 1158 739 1256 l·
788 1156 849 1250 46.

249 1383 254 1390 ·
297 1343 399 1420 Ratio
431 1342 581 1444 denique
608 1335 772 1414 habenda
798 1352 850 1412 est
877 1339 1166 1435 necessitudinis,
1197 1347 1309 1447 eujus

247 1473 393 1547 0111101010
404 1471 591 1544 nudiores
616 1494 700 1544 cum
722 1467 799 1542 aliis
824 1461 1026 1542 hominibus
1050 1471 1233 1578 conjicienti
1254 1471 1310 1546 001
1375 1471 1376 1478 ’

249 1613 353 1690 tunt,
375 1598 437 1671 uel
457 1611 564 1672 antea
577 1595 766 1696 fuerunt:
789 1583 924 1686 veluti,
948 1585 1069 1694 utrum
1093 1593 1144 1668 illi
1170 1585 1310 1697 indige·

247 1751 315 1800 nae
335 1727 423 1818 siut,
449 1751 495 1842 an
522 1751 684 1843 magnam
710 1735 844 1825 partem
871 1721 1106 1820 alienigenaet
1132 1746 1310 1798 commer-

194 1921 197 1930 ,
248 1854 343 1926 010111
364 1879 446 1926 00111
481 1851 551 1925 0010
576 1841 717 1924 tantum'
734 1845 983 1949 popularibus,
1024 1875 1071 1922 an
1096 1851 1200 1922 etiam
1224 1875 1310 1926 eum

247 1977 450 2052 hominibus
485 1979 611 2052 exteris
643 1973 819 2065 habeant3
856 1987 959 2074 atque
992 1972 1059 2049 hoc
1089 1974 1310 2078 frequentius

247 2119 294 2178 an
322 2107 432 2178 rarius
458 2106 523 2178 sit:
558 2073 835 2202 ludimagistris,
867 2097 1056 2198 religionis¹
1078 2099 1310 2198 doctoribus,

203 2218 208 2230 l
248 2231 459 2306 Oratoribus·
473 2233 586 2305 Sacris
606 2226 721 2300 adhue
742 2227 796 2298 uti
825 2225 896 2299 sint
917 2225 973 2300 vel
992 2239 1134 2300 utantur
1159 2227 1311 2332 diligen·

246 2373 320 2450 ter,
342 2387 387 2434 an
406 2358 620 2458 negligenter
640 2355 680 2428 in
695 2377 848 2426 munere
869 2349 1181 2431 suo‘versantibus.
1205 2357 1311 2434 Haec

245 2484 340 2558 enim
356 2497 393 2556 et
415 2483 542 2556 horum
562 2479 687 2554 similia
705 2477 801 2570 haud
819 2503 898 2554 raro
915 2481 1006 2552 viam
1028 2499 1310 2562 commonstrant

243 2609 433 2703 materiae,
459 2608 504 2682 de
524 2633 591 2712 qua
611 2605 771 2681 concioni
791 2605 1052 2704 accommodate
1071 2608 1232 2708 dicatur,
1252 2617 1311 2690 in.

244 2735 452 2816 veniendae.

263 2865 265 2872 ’
703 2853 735 2952 §-
786 2853 847 2952 lu·

291 3041 468 3114 Orationis
488 3049 610 3112 autam
627 3020 768 3112 Sacrae*
779 3039 963 3111 materiam
981 3042 1142 3116 contioni
1159 3065 1306 3118 necom-

241 3167 458 3240 modandam
487 3189 590 3255 0000,
625 3188 669 3238 ex
697 3187 738 3236 eo
768 3160 1015 3261 intelligimus,
1049 3167 1143 3268 quod
1172 3171 1307 3244 Orator

243 3293 389 3370 consilio
421 3292 538 3367 dicere
570 3288 676 3390 debet
706 3288 924 3364 auditoribus
958 3291 1220 3391 persuadendi,
1258 3312 1310 3371 ut

237 3421 402 3522 homines
418 3447 500 3494 vera
521 3417 711 3491 Christiani
730 3419 810 3490 sint.
855 3418 923 3493 Sed
943 3420 1133 3516 generatim
1151 3397 1309 3496 monen-

240 3547 329 3620 dum
351 3545 511 3637 videtur,
539 3545 600 3646 qui
618 3541 820 3643 hujusmodi
843 3541 911 3616 sibi
933 3552 1072 3618 sumant
1094 3549 1281 3622 materiam
1295 3547 1314 3638 ,”

120 3693 123 3702 ·
158 3695 162 3704 ’
239 3671 352 3768 multo
373 3674 499 3752 certius
518 3696 658 3772 sperare
675 3695 793 3772 posse,
819 3695 857 3746 00
878 3683 957 3746 vote
974 3697 1014 3746 00
1037 3669 1215 3746 desiderio
1234 3699 1308 3747 suo

238 3798 471 3896 satisfacturos
492 3821 588 3890 0000,
614 3824 719 3904 quam
741 3797 802 3898 qui
828 3794 945 3872 locum
964 3810 1115 3872 tractent
1138 3824 1308 3874 commu-

238 3952 340 4000 nem:
368 3906 541 4026 siquidem
566 3921 612 3996 ad
638 3923 935 4000 loca-eommunia
956 3927 1005 4000 ita
1028 3923 1230 4016 tractanda,
1259 3941 1310 3999 ut

239 4055 349 4129 oratio
377 4053 561 4130 hominum
594 4049 693 4151 vulgo
715 4048 868 4154 placeat,
898 4077 964 4130 uec
999 4052 1084 4130 viris
1116 4052 1308 4128 erectioris

1237 4204 1304 4254 m-
