2860 5022
361 1153 1022 1340 Praesumo

145 1794 224 1927 Si,
256 1810 352 1938 quod
389 1805 473 1907 olim
506 1809 633 1904 Podta‘s
668 1802 809 1930 probari
843 1805 1026 1934 eapientes
1064 1805 1203 1908 monuit

152 1969 391 2046 ιιοιιιιιιιιι
416 1969 457 2030 ut
479 1955 633 2030 carmina
653 1981 716 2030 sua
737 1981 870 2065 nonum
899 1955 939 2030 in
961 1981 1095 2062 annum
1122 1982 1203 2062 pro·

150 2099 312 2178 merent,
347 2083 421 2160 aliis
451 2107 589 2186 quoque
619 2081 875 2182 scriptoribus,
901 2059 963 2184 qui
991 2083 1078 2186 quid
1109 2082 1202 2159 lectu

146 2211 297 2310 ,dignum
332 2210 370 2282 in
408 2209 523 2284 lucem
567 2206 671 2282 edere
707 2208 858 2302 volunt,
895 2213 973 2308 jure
1005 2211 1202 2314 meritoque

147 2335 437 2441 'commendatum
461 2325 624 2438 equidem
650 2347 745 2408 certe
774 2361 846 2408 non
863 2334 997 2428 habeo,
1022 2342 1121 2438 cujus
1143 2359 1202 2410 me

141 2460 377 2542 ,vehementer
403 2463 592 2560 poeniteat.
640 2459 883 2566 Antenorem
914 2439 1010 2536 enim
1044 2477 1081 2537 ct
1106 2461 1203 2566 quod

140 2600 291 2686 ¹superat
321 2612 454 2678 annos,
486 2613 568 2660 cum
598 2585 660 2658 diu
687 2570 909 2700 mustumque
924 2636 927 2646 .
940 2569 1072 2674 frustra
1093 2610 1201 2708 qrrae⁴

148 2712 308 2816 sivissem
338 2711 493 2802 librum,
519 2735 588 2811 quo
617 2709 663 2780 ad
689 2713 843 2788 Oratores
873 2715 975 2790 Sacri
1004 2703 1201 2790 Institutio-

139 2863 229 2938 ’nem
264 2811 431 2940 tanquam
456 2835 547 2910 duee
579 2847 719 2930 uterer3
755 2837 853 2938 ipse,
874 2865 982 2912 manu
1015 2841 1113 2942 operi
1137 2839 1215 2916 ad?

139 2978 264 3054 jurata,
296 2963 507 3036 lineamenta
534 2959 703 3064 quaedam
734 2961 840 3064 hujus
873 2937 1079 3066 disciplinae
1107 2966 1198 3045 mihi

25 3068 30 3074 ἱ
146 3091 299 3176 scribere
334 3088 558 3191 incipiebam.
608 3077 713 3182 Quod
745 3090 928 3192 inceptum
959 3071 1196 3193 aliquamdiu,

143 3231 188 3300 ut
216 3217 442 3292 recentibus
433 3243 471 3289 m
492 3213 595 3290 rebus
615 3215 694 3290 fieri
717 3209 1196 3316 solet,magnoanim1fer·

15 3372 18 3378 ’
146 3369 227 3417 rore
256 3357 479 3444 persecutus,
505 3339 686 3443 sperabam
710 3341 804 3434 fore,
828 3355 867 3416 ut
891 3341 990 3418 brevi
1019 3321 1110 3422 illud
1132 3343 1197 3420 ab*
1254 3390 1258 3398 ·

138 3471 275 3562 solvere
299 3484 402 3573 atque
436 3470 520 3570 juris
547 3467 680 3568 publici
705 3446 817 3542 facere
848 3473 999 3570 possem.
1056 3469 1127 3546 Sed
1152 3471 1196 3552 l1

143 3595 202 3673 bri
222 3597 351 3672 edendi
377 3599 456 3688 vix,
479 3594 559 3668 data
586 3595 776 3692 occasione,
799 3597 838 3674 in
856 3593 977 3694 vulgus
1004 3581 1089 3674 exiit
1111 3623 1195 3702 pro·

138 3726 296 3816 missio,
291 3725 425 3828 quin,
457 3720 555 3796 ecce!
581 3721 699 3824 plures
721 3747 791 3795 una
817 3718 901 3794 fidei
923 3720 1124 3802 liberandae
1152 3745 1193 3802 se

88 3879 93 3885 ·
138 3863 325 3955 opponant
340 3847 569 3936 difficultates.
618 3846 817 3922 Identidem
831 3861 969 3948 praeter
986 3851 1189 3952 opinionem

103 3969 430 4080 occupationibus
458 3973 650 4078 implicor,
665 3983 754 4078 quae
780 4003 800 4050 a
819 3977 1004 4081 proposito
1033 3993 1191 4058 mentem

135 4089 336 4204 longissime
358 4115 530 4216 avocant.
566 4105 634 4178 Per
663 4102 733 4178 otia
762 4127 843 4176 vero
873 4089 1050 4208 paulisper
1072 4106 1118 4184 ad
1147 4105 1193 4184 il⁴
1253 4171 1264 4190 „
1320 4120 1322 4124 '

699 4227 769 4302 ‘3
1129 4209 1245 4310 lad‘
1328 4267 1332 4276 ¹
