2774 5022
268 325 318 438 96
395 331 442 410 P.
461 336 511 409 II.
537 333 583 408 6.·
598 333 632 407 Ι.
680 330 736 410 De
762 323 1202 426 Orat.sSocrue=materidi

270 535 362 606 viam
385 529 453 606 sibi
476 529 642 605 muniunt
662 519 878 608 auditoribus
908 533 1167 636 persuadendi,
1201 549 1242 612 ut
1269 535 1334 614 ho·

270 661 385 757 mines
405 683 488 737 rere
515 655 705 732 Christiani
727 658 807 730 sint.
857 685 860 692 ’

676 885 680 894 .
729 830 761 930 §.
811 829 871 924 54.

322 1003 461 1082 Deinde
481 1009 666 1080 Oratorem
690 1004 832 1078 Sacrum
848 1005 953 1079 etiarn
963 999 1141 1104 personae
1167 993 1249 1084 suae
1270 1037 1332 1088 ra.

271 1133 404 1206 tionem
422 1131 551 1206 habere
569 1141 705 1232 oportet
715 1160 728 1226 τά
750 1119 915 1206 videlicet
935 1127 1143 1235 Theologiae
1165 1131 1331 1214 candida·

270 1273 329 1333 tus
350 1261 417 1352 sit,
443 1285 489 1331 an
513 1258 695 1331 Sacrorum
719 1260 860 1332 antistes
882 1265 954 1360 jam
982 1271 1182 1361 cooptatus:
1209 1263 1254 1338 ad
1275 1263 1332 1339 di·
1382 1263 1383 1266 '

254 1357 423 1482 'cendum
445 1395 590 1457 vocetur
619 1409 684 1484 pro
707 1385 876 1458 concione
906 1401 1008 1459 curae
1036 1413 1117 1459 suae
1141 1387 1331 1492 demanda⁴

270 1525 328 1603 ta,
352 1537 398 1584 an
414 1536 480 1612 pro
498 1503 632 1582 aliena:
659 1532 771 1611 nuper
792 1508 980 1584 admodum
998 1508 1038 1585 in
1056 1493 1241 1588 stationem
1256 1517 1330 1592 sibi

187 1678 199 1692 κ
269 1637 443 1712 decretam
466 1639 623 1728 venerit,
648 1663 694 1710 an
710 1635 813 1738 longo
832 1641 904 1738 jam
923 1651 1081 1740 ternpore
1102 1633 1152 1714 ibi
1168 1638 1329 1742 degeritt

135 1763 141 1770 ’
270 1761 366 1841 solus
393 1763 470 1837 loco
499 1763 603 1839 alicui
628 1761 823 1866 praefectus
853 1767 919 1858 sit,
950 1793 996 1838 an
1028 1763 1092 1840 uni
1121 1759 1330 1869 pluribusve

270 1887 411 1992 collegis
436 1887 631 1990 adjunctus.
681 1889 787 1983 Quod
812 1891 908 1966 enim
930 1901 1102 1966 oratorem
1133 1885 1235 1968 decet
1259 1924 1329 1998 pro

269 2017 438 2092 concione
465 2015 534 2091 sibi
557 2015 765 2092 demandata
796 2023 924 2119 etjam
950 2017 1014 2092 diu
1039 2017 1180 2119 cognita
1201 2015 1329 2096 dicen·

248 2157 363 2238 tem,
394 2146 558 2240 utico.
593 2169 712 2219 severa
744 2142 999 2220 discordiarum
1026 2145 1078 2222 ibi
1107 2151 1330 2249 serpentium

266 2273 514 2374 reprehensio,
544 2271 753 2372 Theologiae
778 2269 1002 2346 candidatum
1021 2271 1126 2374 vulgo
1150 2271 1329 2370 dedecet,

180 2383 181 2388 Ἰ
266 2395 321 2475 vel
347 2399 527 2473 hominem
549 2425 724 2501 nuperum
747 2413 784 2474 et
805 2399 1000 2495 novitium,
1032 2394 1088 2476 rel
1121 2401 1181 2502 qui
1208 2401 1332 2478 aliena
1382 2473 1383 2480 ,

266 2524 346 2603 rice
373 2511 540 2626 fungitur.
586 2525 635 2600 Et
663 2524 825 2600 similiter
853 2518 931 2626 quis
959 2523 1056 2600 haud
1081 2551 1181 2617 raro,
1205 2539 1244 2600 ut
1264 2554 1332 2601 eo·

264 2649 470 2756 dematque
488 2649 620 2753 collega
636 2677 719 2728 suus
739 2651 796 2728 vel
812 2649 959 2752 collegae
980 2647 1147 2752 procedat
1165 2652 1331 2750 tramite,

237 2815 241 2822 ·
265 2795 326 2854 aut
345 2805 468 2883 pacem
496 2806 578 2856 cum
599 2783 642 2856 iis
673 2775 865 2873 custodiat,
891 2791 1019 2855 certam
1043 2775 1192 2880 aliquam
1216 2794 1333 2852 mate·

267 2905 356 2980 riam
380 2935 477 2980 nunc
507 2906 574 2982 sibi
604 2899 754 3007 eligere,
784 2935 881 2982 nunc
916 2931 1078 3008 spernere
1103 2895 1231 2998 debet,
1256 2904 1328 2981 ubi

267 3029 326 3106 alii
349 3033 510 3108 Oratores
531 3035 627 3108 Sacri
654 3060 675 3106 a
697 3035 840 3107 nemine
862 3032 1032 3136 pendent.

720 3187 751 3290 s.
801 3187 861 3264 55.

313 3345 475 3450 Denique
492 3343 537 3418 ab
563 3346 708 3420 Oratore
732 3347 836 3420 Sacro
849 3347 944 3421 ratio
965 3343 1125 3421 habenda
1149 3361 1201 3422 est
1228 3349 1332 3424 vitae
1382 3403 1383 3408 ,

195 3527 199 3534 .
268 3497 369 3544 suae:
407 3471 444 3562 id
473 3487 547 3564 cst,
578 3475 733 3576 juvenis,
757 3476 811 3549 vir
841 3487 951 3547 aetate
974 3474 1112 3573 vigens,
1136 3501 1183 3548 an
1213 3499 1333 3550 senex

267 3599 333 3670 sit:
358 3597 497 3673 coelebs
523 3600 641 3692 vivat,
664 3625 710 3674 an
731 3601 953 3676 matrimonio
974 3619 1057 3675 cum
1078 3625 1185 3675 uxore
1211 3626 1335 3700 copu-

267 3723 377 3797 latus:
409 3722 530 3810 liberis
559 3726 726 3824 gaudeat,
759 3757 805 3802 an
837 3752 896 3800 eos
927 3726 1114 3820 desideret.
1174 3726 1338 3803 Libero-

264 3877 343 3926 rum
366 3849 545 3947 indolem,
570 3855 718 3938 samiliae
745 3854 1000 3947 conditionem,
1024 3852 1132 3952 magis
1158 3853 1336 3929 minusve

262 3977 418 4072 beatam,
441 3977 542 4082 plura
563 3979 629 4056 alia
654 3982 833 4059 brevitatis
850 4006 951 4053 causa
972 3981 1210 4082 praeterimus.
1246 3981 1334 4075 Qui

126 4135 129 4138 ·
260 4120 377 4180 autem
406 4104 561 4182 adhaec
584 4109 718 4209 singula
738 4111 892 4188 animum
917 4095 1095 4182 attendere
1118 4108 1334 4210 negligunt,

626 4235 631 4245 ”
1219 4233 1333 4310 haud
