2774 5022
269 352 318 429 9⁰
389 301 438 404 Ρ.
455 331 509 404 ΙΙ.
537 329 577 403 C.
596 327 628 403 Ι.
679 323 738 400 De
769 325 868 400 Ornt.
894 320 1025 398 Samae
1048 319 1209 410 manso.

263 525 353 618 uri,
376 493 484 628 quein
506 524 688 614 incolunt,
711 519 968 612 conditionatos
989 533 1067 596 tum
1086 524 1138 598 ad
1146 513 1326 624 fhrturrai

263 663 421 745 statum,
445 677 520 754 quo
546 663 723 739 otrentum·
743 649 821 722 tdm
843 645 997 752 denique
1023 650 1324 735 admonstrare

263 803 368 871 ηειη,
392 781 500 883 cujus
524 778 671 853 uinculo
699 800 783 850 cum
811 774 890 850 altis
911 773 1115 858 homiuibus
1139 789 1329 887 conjuncti

261 905 324 980 uel
341 920 445 1000 sunt,
469 905 533 980 uel
551 903 855 1004 emensurarent·

629 1079 856 1192 ¹§.aa
974 1147 976 1158 a
1078 1047 1081 1054 ’

265 1297 268 1302 .
308 1234 488 1312 Orationis
511 1231 635 1310 Sacrae
658 1234 840 1322 materiam
862 1236 916 1308 od
935 1239 1027 1312 vitoe
1048 1261 1165 1337 muros
1180 1242 1322 1332 ‚oudi-

257 1361 392 1440 toribus
406 1365 614 1460 proprium,
646 1359 976 1450 accommodandam
1004 1388 1098 1456 esse,
1129 1391 1237 1441 exeo
1268 1395 1322 1444 sc·

257 1491 401 1591 qrritnr,
427 1488 523 1592 quod
545 1513 590 1564 ex
613 1490 720 1594 hujus
739 1489 828 1564 vitae
854 1491 989 1587 generis
1022 1487 1223 1568 diversitate
1245 1521 1321 1568 ma-

256 1639 324 1716 gna
344 1618 582 1716 ingenim-aun,
607 1619 814 1717 opinionum
836 1640 876 1690 ac
901 1616 1039 1690 morum
1063 1619 1175 1694 oritur
1198 1619 1320 1698 diver-

134 1753 136 1758 '
252 1741 349 1816 sitas.
408 1741 485 1816 Alia
513 1745 619 1842 igitur
642 1745 788 1816 materia
825 1767 927 1844 saepe
952 1743 1138 1820 tractanda
1164 1761 1218 1820 est
1250 1775 1322 1850 pro

253 1866 413 1968 regibus,
439 1871 620 1944 civitatum
644 1867 880 1972 principibus,
914 1895 1104 1970 eorumque
1126 1875 1317 1969 comitatu,

255 2020 359 2098 quam
379 2019 445 2098 pro
469 2020 597 2069 corona
619 1993 792 2089 militnm3
818 1992 884 2068 alia
905 2022 970 2097 pro
992 2021 1120 2072 corona
1137 1997 1316 2096 militum,

252 2147 360 2224 qoam
390 2125 456 2224 pro
482 2115 731 2198 mematorihus
762 2121 933 2198 artiumve
959 2121 1139 2198 fabrilium
1173 2125 1317 2204 cultori·

248 2247 329 2324 bus.
355 2249 521 2324 Similiter
544 2249 605 2351 qui
626 2244 874 2348 agriculturae,
900 2262 961 2322 aut
978 2251 1070 2326 ritae
1089 2253 1318 2351 pastoritiae,

128 2363 131 2370 ’
249 2391 310 2449 aut
335 2377 482 2477 piscatoi
503 2400 645 2479 operam
667 2369 773 2466 danti
799 2386 836 2446 et
866 2372 910 2446 ab
933 2373 1011 2466 his,
1037 2391 1074 2450 et
1091 2377 1182 2454 inter
1200 2406 1238 2452 se
1257 2381 1317 2455 in-

249 2503 365 2578 vicem
387 2516 535 2576 tantum
550 2500 742 2591 differunt,
767 2513 808 2572 ut
838 2501 964 2599 singuli
988 2527 1107 2577 rursus
1125 2503 1314 2601 habeant,

247 2627 345 2733 quod
363 2644 530 2729 tanquam
552 2630 689 2730 privato
719 2631 798 2730 jure
820 2625 894 2699 sibi.
908 2627 1101 2726 postulent„
1147 2629 1204 2702 Sic
1225 2653 1257 2702 e.
1276 2655 1319 2708 c.·

248 2760 376 2832 Orator
396 2781 444 2832 ex
466 2759 557 2833 vitae
579 2751 783 2830 muneribus
807 2766 843 2846 et
872 2755 1042 2854 negotiis,
1079 2782 1167 2858 quae
1196 2757 1312 2858 ipsius

248 2883 422 2958 auditores
442 2873 603 2974 subeunt,
641 2881 848 2982 plerumque
874 2883 946 2978 jam
967 2881 1154 2980 intelligit,
1174 2897 1313 2958 ¹utrum
1374 2945 1375 2952 ,

246 3007 432 3084 doctrinae
458 3009 677 3083 Christianae
707 3005 931 3082 adversarios,
947 3029 990 3080 ex
1016 3009 1188 3084 industria
1206 3007 1312 3081 refel-
1373 3095 1374 3102 ἵ

245 3135 341 3229 lere,
367 3163 413 3209 an
436 3133 504 3209 hac
531 3133 577 3208 de
608 3133 769 3206 doctrina
790 3135 840 3206 ita
863 3131 984 3208 dicere
1005 3161 1147 3211 necesse
1168 3137 1235 3228 sit,
1261 3149 1312 3210 ut.

243 3287 350 3340 nemo
369 3261 570 3340 mortalium
589 3259 635 3334 ab
651 3283 691 3333 ea
711 3257 896 3334 dissentire
916 3260 1088 3340 videatur

291 3576 354 3654 Ad
379 3577 470 3666 Ioci,
502 3599 610 3674 quem
638 3571 818 3652 auditores
848 3571 1032 3664 incolunt,
1065 3571 1306 3647 conditionem

241 3703 408 3776 orationis
435 3703 558 3774 Sacrae
590 3697 732 3771 materia
761 3694 1060 3772 accommodanda
1098 3711 1171 3791 est,
1210 3727 1306 3800 quo·

240 3807 337 3902 niam
363 3827 515 3926 ingeniis
543 3829 669 3918 etiam,
702 3823 926 3925 opinionibus
953 3851 993 3898 ac
1023 3821 1176 3899 moribus
1205 3827 1308 3901 inter

242 3981 279 4029 se
302 3953 445 4028 differre
472 3953 585 4027 solent
610 3952 792 4043 homines,
818 3953 936 4051 prouti
964 3975 1063 4042 rure,
1088 3949 1143 4024 vel
1168 3954 1208 4025 in
1236 3979 1310 4054 op-

208 4079 334 4182 ¹pidis
365 4079 525 4181 degunt,
565 4081 693 4154 autin
725 4076 812 4152 urhe
843 4076 1033 4158 illustriore
1056 4077 1208 4181 adeoque
1240 4105 1313 4154 ca-
1366 4139 1367 4175 r

1137 4266 1140 4276 ,
1245 4233 1311 4306 pr·
1365 4289 1366 4296 ἵ
