2736 5018
255 399 324 476 252
382 401 429 472 Ρ.
448 400 520 473 111.
552 401 592 474 r.
603 401 636 472 1.
662 401 703 474 e.
716 401 769 475 ιι.
818 402 876 476 oe
900 404 1017 479 sono
1035 410 1077 496 ‚a
1097 411 1170 505 ipsa

511 589 530 638 ¹
724 607 755 691 t·
806 620 843 697 9·

300 752 369 826 Sed
392 777 433 825 ex
458 751 572 826 studio
597 751 634 826 in
655 755 731 856 ippa
754 766 827 826 arte
854 751 999 825 oratoria
1020 753 1278 853 ponendoflhau'd

253 904 394 980 magnos
417 881 532 980 capiet
556 877 706 969 fructus,
728 879 794 982 qui
819 874 1077 953 Rhetoricorum
1103 885 1279 984 praeceptis

253 1029 394 1108 operam
414 1003 551 1080 dedisse
566 1006 647 1080 satis
667 1003 791 1095 habet,
815 1029 929 1107 neque
948 1007 1112 1101 arempla
1132 1009 1280 1111 eloqum.

252 1139 320 1210 tiae
341 1147 474 1210 attente.
492 1132 783 1233 comtemplamr:
806 1129 920 1232 quod,
942 1133 997 1204 uti
1021 1134 1058 1206 in
1078 1137 1170 1211 omni
1190 1135 1279 1210 diati-

252 1261 349 1361 plina
362 1259 510 1364 ¹regulae
536 1257 707 1361 exemplis
732 1257 970 1348 illustrantur,
995 1258 1046 1332 sic
1067 1259 1279 1344 ademeris

252 1387 349 1462 Sacri
370 1401 486 1488 partes
503 1385 594 1460 bene
622 1383 813 1488 explendas
838 1409 943 1484 quam
963 1384 1114 1474 maxime
1140 1411 1282 1464 necessa·

250 1516 344 1618 rium
360 1528 424 1591 est.
478 1567 507 1619 :—
834 1560 837 1569 ·
1072 1586 1076 1598 ,
1116 1589 1119 1596 ,
1192 1589 1195 1596 .

703 1642 734 1726 i
771 1661 843 1725 το·
971 1659 1001 1727 .’

255 1827 262 1834 ·
298 1801 467 1902 Exempla
496 1800 732 1928 eloquentiae,
767 1795 812 1870 ad
838 1802 1170 1902 contemplationem
1195 1796 1281 1870 nobis

250 1929 441 2027 proposita,
467 1927 615 2024 duplico
632 1929 768 2026 generis
792 1942 898 2015 sunm
921 1954 1004 2000 nam
1021 1956 1062 2002 ea
1080 1950 1201 2028 capere
1216 1949 1285 2024 pos·

251 2077 391 2146 sumus,
415 2053 470 2128 rel
490 2080 532 2126 ex
549 2029 813 2127 libris'virorum
831 2034 1023 2147 clarorum}
1048 2055 1109 2156 qui
1125 2055 1162 2127 in
1180 2052 1281 2126 lucen

251 2179 336 2260 editi
356 2194 456 2271 sunt,
474 2180 647 2281 legendis;
669 2181 725 2258 vel
743 2205 785 2254 err
807 2179 1014 2272 oratoribus,
1039 2183 1101 2284 qui
1120 2182 1158 2256 in
1177 2179 1283 2256 dicen·

250 2306 297 2384 do
319 2333 385 2408 pro
402 2309 569 2386 concione
595 2321 799 2401 versantur,
825 2305 1021 2384 audiendis.

687 2473 735 2571 ,p

293 2627 390 2700 Inter
419 2625 523 2700 libros
552 2629 713 2702 Virorum
734 2629 939 2718 Clarorum,
973 2627 1032 2730 qui
1065 2627 1110 2702 ad
1143 2623 1286 2726 exempla

236 2753 458 2854 -eloquentiae
479 2754 647 2854 capienda
667 2755 733 2854 legi
761 2753 909 2842 debent,
934 2754 1091 2854 primum
1124 2755 1198 2827 sine
1227 2750 1285 2822 du-

245 2877 303 2951 bio
323 2878 439 2953 locum
465 2895 636 2985 occupant
661 2884 797 2964 Literae
816 2879 965 2955 Sacrae:
992 2879 1050 2954 his
1070 2883 1169 2954 enim
1187 2879 1286 2954 literis

244 3033 316 3078 non
337 3004 452 3107 solum
473 3008 586 3080 omnis
608 3007 807 3096 doetrinae,
833 3005 877 3080 ab
903 3006 1051 3080 Oratore
1082 3007 1186 3080 Sacro
1212 3003 1294 3078 eon?

133 3161 137 3168 ⁴
244 3133 335 3206 cioni
365 3132 573 3222 tradendae,
599 3135 770 3235 principia
793 3147 827 3206 et
847 3132 1017 3207 elementa
1045 3135 1284 3222 continentur;

243 3258 306 3331 sed
327 3286 518 3361 perennem
539 3263 641 3334 etiam
659 3264 700 3335 iis
720 3275 754 3334 et
773 3261 988 3334 uberrimum
1007 3287 1110 3335 verae
1136 3261 1289 3362 eloquen-

241 3389 306 3459 tiae
326 3388 438 3460 inesse
469 3387 623 3477 fontem,
649 3403 719 3462 tam
742 3399 877 3462 c'ertum
904 3401 971 3476 est,
996 3401 1036 3459 ut
1058 3389 1150 3462 illud
1171 3407 1286 3494 negare

243 3527 415 3587 extremae
434 3515 522 3588 soret
541 3514 777 3617 impudentiae
801 3517 893 3614 (ἦ).

700 3675 731 3772 §-
785 3699 840 3748 η.

290 3835 455 3933 Inprimis
477 3836 606 3910 Vatum
631 3821 837 3910 Divinarum
858 3846 893 3905 et
910 3835 1168 3929 Apostolorum
1197 3858 1289 3910 rrsn

350 3981 354 3994 ⁴
1247 3961 1291 4032 le·

197 4147 199 4154 '
278 4159 332 4229 Η)
357 4156 524 4230 sanim,
542 4179 569 4236 p.
586 4163 634 4216 115
652 4177 712 4232 sqq.
740 4157 833 4229 etqui
851 4155 887 4212 ab
901 4175 934 4212 eo
953 4155 1117 4212 excitantur.
