2774 5022
243 371 295 476 76
365 364 485 441 1³.st
513 361 553 435 C.
576 362 611 434 1.
661 357 845 435 neom.
869 359 1000 435 Sacrae
1023 369 1185 444 macria
1288 301 1296 310 Ι

243 537 327 640 'ruha
350 565 427 637 loca
449 573 601 634 tractare
620 570 772 636 tenetur.
822 556 925 649 Quod
946 562 1101 661 quamvis
1122 588 1220 638 more
1245 589 1302 642 rea

167 740 176 766 .
244 705 388 793 'ceptum
410 673 479 781 est;
503 683 665 758 nonnulli
684 697 827 775 tamen,
853 699 1037 786 postquam
1056 687 1102 761 de
1123 689 1207 766 locis
1229 693 1299 768 illis

242 815 370 906 semel,
406 813 461 887 bis
497 810 556 888 vel
575 802 716 912 'saepius
742 815 814 910 jam
843 809 1029 906 dixerunt,
1068 815 1113 888 ab
1140 819 1297 894 instituto

240 942 441 1030 communi,
468 963 519 1011 se-
533 936 747 1034 auditoribus
779 953 913 1036 gratum
943 940 1093 1014 facturos
1123 967 1197 1016 esse
1221 947 1299 1046 opi·

238 1075 388 1158 nantes,
426 1063 522 1138 haud
550 1089 628 1137 raro
660 1063 867 1156 discedunt,
900 1080 1003 1167 atque
1032 1066 1121 1158 alia,
1145 1078 1298 1171 tempori

239 1200 370 1300 pariter
398 1190 681 1300 accommodata,
713 1190 780 1263 sibi
816 1191 998 1266 tractanda
1028 1209 1198 1268 sumunt:
1232 1197 1297 1273 sed

237 1326 373 1398 nescire
392 1319 580 1410 videntur,
607 1318 767 1390 homines
783 1318 903 1416 vulgo,
928 1332 1005 1390 tum
1022 1317 1192 1412 urbanos,
1217 1336 1296 1398 tum

237 1449 401 1540 rusticos,
425 1448 628 1520 memoriam
650 1469 789 1538 rerum,
816 1444 938 1520 diebus
956 1446 1054 1525 festis
1071 1445 1297 1534 celebranda,

237 1555 344 1669 rum,
367 1579 593 1678 ¹conjungere
624 1571 727 1645 malle
762 1599 843 1646 cum
879 1571 1082 1646 lustratione
1114 1572 1293 1678 locorum,

105 1687 110 1694 ¹
197 1689 200 1700 ’
240 1701 366 1806 quibus
389 1700 474 1775 inde
495 1700 681 1799 apueritia
710 1691 838 1772 assueti
867 1699 960 1791 sint,
986 1699 1161 1800 quemad
1186 1703 1295 1780 musi,

230 1844 309 1903 'tata
331 1841 486 1906 mentem
512 1838 724 1903 convertere.
1046 1893 1049 1898 ,
1284 1871 1293 1904 ,

699 1981 730 2080 ς.
783 1979 838 2052 13.

238 2149 243 2154 '
286 2139 309 2212 J
310 2165 367 2212 am
388 2165 470 2212 vcro
488 2147 737 2240 argumentum
758 2137 924 2209 orationis
944 2137 1096 2230 Sacrae,
1121 2167 1216 2242 quae,
1235 2141 1293 2219 his

237 2265 281 2340 de
302 2267 385 2339 locis
402 2264 568 2354 habetur,
588 2264 887 2376 italcomparatum
908 2262 1120 2357 esse-debet,
1140 2281 1181 2338 ut
1189 2271 1292 2368 ipsae

237 2397 295 2464 res
315 2403 448 2488 gestae,
464 2415 611 2488 quarum
632 2412 733 2458 causa
755 2383 828 2457 dies
845 2388 920 2458 sesti
943 2390 1120 2462 constituti
1137 2407 1238 2484 sunt,
1257 2408 1295 2467 et

239 2513 332 2589 clara
351 2517 389 2588 in
413 2515 492 2588 lucc
518 2527 720 2615 ponantur,
745 2524 782 2583 et
804 2511 1000 2586 auditorum
1022 2519 1210 2590 memoriae
1231 2545 1295 2620 pe·

238 2644 334 2716 nitus
357 2643 564 2742 infigantur,
592 2651 628 2711 ct
658 2639 704 2711 ad
731 2639 906 2713 sincerum
926 2642 1064 2740 pietatis
1086 2669 1126 2715 ac
1153 2647 1292 2723 virtutis

235 2769 392 2844 studium
412 2766 612 2869 pectoribus
631 2765 908 2867 imprimendum
930 2766 1086 2866 religiose
1101 2768 1292 2844 adhibean-

228 2879 321 2967 tur:
358 2918 506 2994 quorum
538 2895 695 2966 omniurn
737 2893 897 2972 concioni
935 2891 1150 2971 desiderium
1184 2895 1293 2990 relin-

237 3031 377 3121 quunt,
412 3020 610 3118 quicunque
640 3042 769 3102 curusrr
801 3031 838 3098 ‚et
873 3019 1043 3091 societatis
1074 3021 1291 3096 Christianae

236 3145 440 3240 historiam,
463 3146 502 3217 in
524 3143 608 3218 locis
630 3141 820 3222 tractandis
844 3168 1060 3250 expressam,
1085 3147 1199 3246 obiter
1216 3163 1293 3234 tan-

236 3287 315 3346 tum
341 3273 538 3370 attingunt,
570 3265 629 3360 uel
653 3263 788 3390 silentio
816 3271 956 3370 prorsus
981 3275 1265 3378 praetermittunt
1274 3333 1292 3368 „

167 3487 170 3492 Ι
229 3391 293 3482 'vel
311 3427 380 3484 una
401 3425 484 3472 cum
505 3395 713 3500 scriptorum
733 3423 909 3482 sacrorum
931 3398 1046 3474 verbis
1069 3402 1107 3492 in
1127 3407 1290 3486 rein‘tra'-
1359 3485 1361 3492 ¹

122 3595 126 3602 .
227 3501 351 3620 hunt,
377 3525 422 3599 ab
447 3525 573 3602 horum
595 3523 752 3610 virorum
777 3523 954 3602 mentibus
981 3523 1140 3653 alienam.

223 3627 226 3634 .
607 3631 611 3658 ,
704 3633 706 3642 ,
1026 3656 1031 3666 ¹
1226 3633 1230 3640 .

697 3676 727 3784 i·
782 3681 838 3773 si·

297 3838 516 3935 Quamquam
543 3846 659 3905 autem
687 3857 831 3904 neccsse
865 3813 937 3908 non
969 3851 1022 3909 est
1041 3833 1293 3938 argumentum

240 3967 460 4061 orationum²
486 3985 579 4061 quac·
598 3959 652 4030 his
679 3958 724 4030 de
749 3958 838 4032 locis
858 3959 1038 4058 habendae
1066 3981 1165 4060 sunt,
1189 3983 1295 4075 quot,

222 4082 340 4170 kannis
357 4079 519 4182 mutor&
543 4086 625 4166 huic
647 4086 768 4168 tamer
789 4081 900 4170 labori
928 4115 964 4164 se
987 4087 1181 4188 identidem
1210 4096 1296 4181 sub-

1213 4223 1296 4304 mit·
