2774 5022
192 335 242 410 P.
260 321 314 406 Π
344 317 452 402 ΟΗῙῙ
500 331 557 407 De
586 331 686 406 Orat
716 327 853 404 Sacrae
867 327 1012 429 firma.
1068 322 1140 400 nt

23 511 25 642 l
86 549 131 625 rt,
152 541 188 604 et
212 525 315 616 aliam
335 539 453 602 tamen
480 523 621 600 dicendi
645 527 834 616 rationem,
859 551 964 629 quam
986 524 1186 638 Arroly-

86 665 194 750 mam,
220 656 309 728 inire
331 655 475 756 nequit;
499 633 719 728 suadendum
734 655 935 748 studetur,
960 673 1001 734 ιιι
1013 668 1127 753 ‚mia-

86 815 115 862 sa
135 785 312 875 Humilia,
344 785 502 856 oratione
531 793 649 854 utatur
673 782 895 880 Anatyuaa,
931 789 996 860 κατ’
1024 794 1128 890 ἐξοχὴν

85 919 125 990 iu
140 914 257 1006 dicta,
283 921 318 982 et
342 909 392 982 sic
410 907 591 1010 bipartita,
616 919 656 981 ut
677 911 793 1009 priore
811 923 910 1010 parte
936 912 1005 990 loci
1029 919 1129 1002 Lite·¹

22 1109 24 1144 Ι
86 1065 191 1124 rarum¹
209 1039 392 1114 Sacrorum
413 1036 630 1109 contineatur
648 1037 907 1138 interpretatio,
933 1029 1129 1144 portariam

87 1173 148 1270 ejus
170 1166 358 1272 applicatio
376 1163 421 1237 ad
439 1162 638 1238 auditorum
659 1188 772 1237 usum

22 1339 24 1400 l
526 1337 558 1438 ἕ.
607 1342 666 1420 aa

22 1407 25 1616 l
123 1517 300 1593 Nimirum
328 1512 411 1588 haec
432 1512 599 1588 orationls
620 1511 729 1588 forma
757 1527 836 1616 post
865 1517 1048 1598 Sacrorum
1076 1517 1131 1602 in.

83 1648 319 1721 staurationem
337 1644 439 1722 variis
461 1641 501 1716 in
521 1641 643 1736 terris,
663 1657 700 1716 et
719 1647 923 1746 praesertim
940 1647 979 1722 in
999 1653 1131 1754 patriae

21 1762 23 1838 l
83 1765 207 1848 nostrae
234 1769 435 1872 regionibus
468 1783 541 1842 tam
576 1772 701 1844 usitata
730 1797 805 1846 esse
834 1775 989 1876 incepit,
1021 1792 1062 1854 ut
1094 1793 1132 1871 et

81 1899 171 1974 multi
193 1899 298 2000 hujus
323 1895 529 1999 disciplinae
552 1892 714 1970 doctores
741 1897 786 1972 de
813 1899 912 1974 nulla
935 1898 1000 1977 alia
1029 1932 1131 2008 prae.

83 2040 172 2129 cepta
187 2023 390 2116 traderent,
415 2037 453 2096 et
475 2025 552 2124 ipsa
578 2011 778 2098 Mcthodus
804 2027 949 2128 Belgica
974 2034 1131 2136 appella.

80 2167 165 2228 retur
187 2151 282 2252 (†).
329 2150 536 2224 Recentiore
556 2176 640 2228 vcro
658 2154 885 2230 memoria'in
908 2157 1133 2260 vituperatio-
1234 2187 1241 2206 ·
1276 2185 1279 2192 ·

81 2305 160 2360 nem
188 2277 338 2354 adducta
367 2291 440 2371 est,
474 2277 537 2352 sed
561 2291 691 2362 temere
717 2293 753 2352 et
784 2280 861 2353 sine
889 2306 1013 2357 causa:
1047 2315 1132 2368 nam
1196 2334 1203 2348 .

77 2402 168 2512 ,hand
180 2430 302 2508 pauca
321 2428 464 2496 eorum,
490 2430 579 2508 quae
597 2432 702 2508 supra
720 2403 766 2477 ad
785 2391 930 2482 laudem
952 2413 1132 2494 Homilioe

81 2531 244 2624 diximus,
268 2533 309 2607 in
334 2531 425 2604 hanc
447 2533 551 2604 etiam
577 2533 723 2606 formam
748 2536 894 2608 omnino
918 2536 1133 2640 velmagna

81 2682 116 2730 ex
135 2671 232 2760 parte
254 2656 447 2760 quadrant:
468 2661 520 2732 uti
540 2672 576 2731 et
598 2658 665 2733 sibi
688 2661 872 2762 proprium
890 2660 997 2746 habet
1007 2659 1134 2780 ,quod

80 2814 158 2888 quae
192 2792 234 2864 in
266 2791 466 2862 Literarum
495 2788 679 2860 Sacrorum
703 2785 806 2878 loco,
835 2787 879 2860 de
914 2816 984 2913 qno
1012 2773 1134 2904 dicen-

80 2913 244 3009 domest,
271 2913 319 2989 ad
344 2914 625 2992 emendationem
655 2930 692 2989 et
713 2915 877 2992 consolat
852 2921 985 2993 tronem
1001 2921 1135 2998 animo·

81 3067 149 3116 rum
175 3042 332 3146 dispersa
352 3049 484 3146 jacent,
509 3067 553 3115 ex
574 3045 665 3144 ipso
679 3041 737 3116 illo
758 3041 838 3116 loco
858 3041 990 3148 colligit
1014 3064 1052 3125 et
1075 3077 1133 3128 co-

82 3187 257 3270 agmentat.
1224 3152 1227 3163 l

535 3274 565 3372 t
616 3295 674 3411 39·

126 3447 217 3542 Quae
243 3474 347 3548 supra
371 3447 601 3558 monuimus,
623 3472 670 3518 ne
688 3459 782 3538 uno,
804 3451 977 3524 concinno
997 3465 1033 3526 et
1053 3449 1135 3535 sim·
1161 3481 1165 3486 ·
1268 3483 1270 3492 ¹

20 3573 22 3612 ³
80 3568 173 3670 plici,
184 3603 270 3680 quae
283 3579 428 3650 virtutes
446 3577 483 3647 in
494 3575 589 3646 omni
604 3577 759 3646 oratioue
773 3574 874 3650 Sacra
888 3579 1137 3680 requiruntur,

1063 3697 1137 3783 H'o-

117 3894 176 3973 (†)
202 3901 246 3960 Gl.
274 3910 388 3978 praeter
412 3909 550 3959 nostrates
573 3897 707 3955 excitatos
737 3919 754 3955 a
781 3919 999 3973 ιιιιιιιιιιι,
1027 3922 1055 3978 p.
1080 3907 1136 3975 37,

20 3975 21 4028 l
83 3997 238 4062 taurins,
265 3994 296 4048 in
315 3993 449 4049 Tractare
472 3993 508 4049 dc
528 4009 613 4048 sacra
638 4000 665 4046 ct
693 3993 775 4046 unica
802 3996 913 4051 ratione
937 3994 1135 4054 concionandi.

20 4037 22 4076 ³
83 4090 108 4150 r·
124 4083 157 4155 ta
178 4101 236 4161 aaa·
681 4147 683 4154 s

661 4173 697 4246 H
829 4237 832 4252 .
