2726 5022
280 373 353 488 344
402 391 646 465 nursi.
673 392 712 468 c.
725 391 755 466 1.
804 395 865 466 oe
888 392 1089 490 menna
1113 369 1264 498 itaque

281 592 342 666 bet
362 585 517 691 copiam,
542 611 630 689 quae
659 585 704 659 ad
725 587 836 678 varia,
861 601 933 662 tam
951 587 1090 668 dicendi
1106 579 1321 696 argiimenta,'

185 807 191 814 Ι
281 742 386 820 quam
419 715 614 788 Litererum
648 715 831 787 Sacrorum
868 713 945 790 loca
970 741 1036 816 pin
1066 725 1254 815 concione,
1276 725 1321 796 uti

280 855 343 945 p‘ar
357 857 426 934 est,
452 838 631 915 tractanda
652 837 841 912 desiderari
861 857 1060 942 nequeunt:
1086 846 1181 946 quod
1200 861 1320 922 utrum·

284 995 352 1070 qne
375 969 508 1044 nemini
529 963 673 1068 quidem
686 966 879 1064 continget,
904 969 966 1070 qui
986 967 1054 1042 sibi
1076 969 1264 1048 Historiam
1285 973 1320 1046 il-

279 1097 350 1182 lam
380 1109 521 1170 strenuo
556 1090 762 1192 assiduoque
791 1091 908 1166 studio
939 1094 1148 1172 familiarem
1179 1098 1317 1174 reddere

281 1223 472 1324 neglexerit
495 1219 591 1318 (†).

307 1385 325 1398 “
439 1397 442 1405 ·
740 1377 770 1474 §
818 1378 876 1452 32.

289 1570 296 1595 τ
314 1539 464 1638 'Agmen
477 1533 616 1608 claudat
630 1533 793 1630 Linguae
815 1532 1033 1605 Vemaeuloe
1048 1531 1221 1628 studium,
1239 1561 1315 1638 quo,

279 1669 308 1740 si
330 1664 486 1776 omnium
505 1685 645 1748 eorum,
671 1671 840 1760 quotquot
857 1656 903 1729 ad
921 1683 1047 1733 muniis
1067 1658 1210 1761 aliquod
1226 1689 1315 1764 piae·

277 1790 402 1902 clarius
421 1790 459 1862 in
479 1788 617 1862 civitate
645 1782 847 1858 obeundum
874 1783 1102 1877 excoluntur,
1128 1812 1232 1860 nemo
1251 1795 1312 1891 jam

274 1917 416 2028 liberari
437 1928 569 2016 potest,
596 1915 723 1986 Orator
757 1910 859 1982 Sacer
880 1933 916 1981 se
938 1911 1101 2010 inprimis
1120 1939 1312 2017 praeparare

275 2045 399 2136 de'l'i'et,
424 2042 529 2115 utin
551 2041 756 2114 concionem
779 2035 993 2138 procedens,
1019 2061 1092 2110 non
1113 2040 1225 2114 solum
1242 2069 1311 2142 per·

275 2168 415 2270 spicue,
440 2167 531 2242 culta
554 2181 589 2239 et
611 2165 757 2238 oratoria
779 2160 931 2236 dictione
956 2175 1091 2254 utatur,
1124 2153 1186 2238 sed
1206 2170 1311 2266 ipsimi

275 2298 379 2370 etiam
406 2317 624 2382 sermonem,
656 2289 782 2364 adres
812 2283 1036 2391 quascunque
1074 2287 1190 2362 verbis
1203 2319 1309 2392 ,quan

274 2423 423 2495 maxime
462 2415 732 2494 accommodatis
771 2414 1005 2487 enunciandas
1028 2472 1037 2504 ‚
1076 2428 1248 2516 tamqnam
1279 2419 1312 2487 in

273 2573 383 2622 mann
403 2557 439 2618 et
460 2557 629 2646 potestate
654 2539 779 2616 habeat
803 2541 846 2637 (a
860 2544 887 2640 ).

731 2705 760 2802 s.
812 2703 872 2777 33.

275 2909 278 2915 ¹
319 2875 375 2946 Ex
393 2870 656 2971 disciplinarum
681 2865 809 2954 classe5
833 2891 977 2965 quarum
1005 2867 1155 2964 cognitio
1179 2871 1305 2944 Oratori

271 3001 374 3072 Sacro
396 3021 537 3098 prorsus
565 2993 709 3096 quidem
738 2991 925 3063 necessaria
953 3015 1025 3062 non
1055 3017 1128 3064 esse
1160 2995 1308 3086 videtur⁷

165 3117 167 3121 ’
272 3123 335 3197 sed
355 3125 388 3195 ei
406 3136 525 3195 tamen
551 3119 646 3191 utilis
675 3131 745 3208 est,
770 3119 965 3207 nescimus3
992 3141 1158 3218 quaenam
1178 3125 1307 3196 omnim

271 3251 343 3325 sint
361 3245 619 3322 excludendae:
647 3247 687 3319 in
704 3243 899 3318 Academiis
917 3242 1010 3314 enim
1034 3240 1183 3318 traditur
1205 3246 1307 3332 nulla,

269 3378 414 3480 quinci
444 3369 699 3476 quodammodo
726 3372 771 3446 ad
795 3365 986 3447 dicendum
1012 3351 1182 3444 derebus
1208 3373 1307 3446 Sacris

1237 3523 1307 3598 pro·

306 3667 374 3775 (ἦ)
398 3697 519 3773 Legatur
554 3673 674 3753 sinnii
698 3691 849 3770 disponite
884 3691 939 3748 hoc
972 3675 1018 3748 de,
1040 3699 1204 3766 argomento
1239 3687 1306 3765 apud

269 3803 557 3851 nasciturorum,
582 3783 816 3854 Memorabittin.
837 3775 982 3839 Tom'ttt.
1009 3778 1078 3834 Pars
1100 3797 1122 3835 ι.
1148 3797 1177 3854 p.
1201 3783 1229 3834 18
1251 3797 1302 3852 sqq.

152 3904 155 3912 ·
270 3877 413 3954 ipsiusque
428 3873 544 3948 editoris
562 3871 713 3950 sumtatio.
735 3888 881 3938 iiiior,
899 3867 954 3926 l.c.
970 3887 1000 3944 p.
1015 3871 1061 3924 aia
1080 3887 1141 3943 sqq.
1162 3885 1305 3936 uirosi-

269 3987 370 4036 niioii
381 4008 390 4037 ,
408 3984 437 4043 p.
450 3967 484 4033 ⁶⁷
502 3983 562 4040 sqq.
598 3960 729 4021 Conserri
747 3969 871 4018 meretur
893 3975 1079 4027 irinum,
1101 3961 1203 4032 Opiise.
1217 3955 1300 4014 Aeac.
1348 4009 1349 4016 ,

270 4059 352 4120 Tom.
362 4057 400 4112 ll.
417 4075 445 4132 p.
461 4057 512 4112 155
527 4072 590 4129 sqqi

306 4149 361 4222 (*)
388 4145 544 4213 Bonoso,
563 4161 590 4218 p.
610 4157 657 4215 ²9²
676 4156 735 4215 sqq.
764 4155 912 4219 iiiios,
930 4153 957 4210 p.
973 4137 1016 4189 161
1039 4151 1097 4208 sqq.
