2860 5022
247 408 284 461 π
540 379 1007 463 PRAEFATIO.

249 577 313 652 lud
332 602 511 672 reversus,
543 605 612 680 quo
631 581 743 654 acrius
773 579 878 654 telam
904 580 1064 656 detexere
1086 586 1227 679 studeo,
1250 615 1295 664 eo

250 706 383 807 gravius
412 705 472 780 illa
504 706 594 779 mihi
627 705 763 780 facessit
795 708 983 805 negotium.
1035 710 1170 786 Crescit
1202 717 1295 792 inter

250 831 477 908 scribendum
512 857 630 906 rerum
660 831 990 934 perpendendarum
1028 843 1183 918 materia.
1232 845 1294 916 Li.

249 961 394 1034 brorum
427 956 573 1049 itidem,
608 981 758 1060 quorum
795 957 982 1032 lectionem
1014 961 1208 1043 detrectare
1231 999 1295 1046 ne·

251 1113 359 1190 queo,
397 1089 563 1160 continuo
612 1086 736 1159 crescit
784 1098 979 1184 apparatus.
1047 1089 1153 1165 Haud
1194 1067 1295 1190 raro,

250 1215 344 1318 ‹prod
377 1227 478 1287 antea
507 1211 596 1312 milti
615 1209 750 1314 'placuit
763 1263 777 1314 ,ι
798 1211 915 1284 multis
939 1215 1140 1290 nominibus
1175 1249 1297 1298 emen.

250 1341 407 1416 dandum
438 1338 498 1414 vel
530 1364 671 1438 prorsus
704 1336 914 1410 mutandum
948 1365 1020 1414 esse
1061 1341 1294 1445 deprehendi-

225 1486 320 1546 tur.
365 1469 516 1542 Etcum
544 1492 618 1539 non
649 1463 694 1536 de
715 1465 822 1554 asini,
856 1479 896 1536 ut
927 1444 993 1538 ho'c
1017 1479 1114 1562 utar,
1147 1471 1293 1566 umbra,

251 1598 315 1672 sed
337 1596 382 1669 de
408 1621 449 1668 eo
480 1591 634 1698 quaestio
662 1603 798 1690 agatur,
825 1592 998 1692 quomodo
1026 1583 1134 1669 animi
1163 1623 1206 1670 ex
1240 1624 1295 1678 er÷

134 1762 141 1770 ·
251 1751 371 1800 rorum
391 1736 427 1796 et
455 1720 687 1823 cupiditatum
712 1717 857 1791 vinculis
880 1721 1069 1820 eripiantur
1093 1736 1129 1794 et
1152 1723 1197 1797 ad
1224 1727 1297 1826 pie·

238 1839 374 1943 uren
389 1847 430 1924 ae
445 1835 655 1923 'beatitatem
678 1845 751 1920 veri
774 1845 925 1926 nominis
951 1846 1211 1946 perducantur;
1243 1877 1301 1926 re·

240 1969 332 2078 'ltgto
356 1969 446 2052 mihi
471 2000 577 2078 quam
598 1973 748 2046 maxime
770 1983 823 2044 est
845 1971 955 2045 levius
977 1975 1062 2074 quid
1086 1989 1144 2048 ant
1166 1981 1298 2080 impru-

241 2095 390 2206 dentius
419 2099 633 2206 praecipere.
681 2097 820 2168 Interea
849 2104 939 2172 unus
966 2099 1120 2202 alterque
1149 2119 1185 2176 et
1215 2131 1302 2183 reru·

239 2227 369 2339 'plures
393 2225 647 2333 praetervolant
669 2224 764 2295 anni.
815 2223 909 2336 Quid
930 2225 1058 2325 plura?
1084 2231 1218 2330 Sortem
1237 2258 1299 2333 pa.

239 2356 324 2462 ‘tior‘
339 2378 481 2448 eorum,
506 2353 627 2454 quiin
650 2351 806 2461 locorum
826 2373 864 2421 se
893 2350 1070 2424 contulere
1102 2360 1295 2451 angustias,

239 2482 344 2560 unde
368 2501 405 2562 se
426 2479 588 2582 expedire
607 2491 794 2580 nequeant.
847 2477 918 2552 Sed
940 2475 1067 2579 pedem
1094 2481 1224 2553 referre
1248 2495 1299 2556 at-

239 2603 319 2714 'que
340 2611 390 2686 'id
425 2606 559 2682 salebra
592 2629 732 2678 manere
764 2614 872 2707 aeque
902 2604 1021 2706 pudet.
1071 2605 1190 2708 Itaque
1218 2621 1300 2716 tun-

238 2735 353 2828 dem,
378 2732 656 2810 Amstelaedamo
686 2729 898 2830 Lugdunum
922 2733 1118 2832 profectus,
1144 2733 1235 2806 nihil
1263 2759 1299 2808 a»

240 2833 333 2935 'liud
371 2841 460 2934 mihi
501 2883 679 2959 superesse
715 2857 812 2948 ridi,
848 2883 953 2956 quam
991 2857 1234 2956 redintegratis
1267 2875 1301 2935 et
1386 2910 1390 2918 ·

245 2957 423 3063 'renovatis
463 2985 571 3057 animi
607 2983 738 3058 viribus
777 2983 876 3082 operi
907 2981 1059 3073 instare,
1095 3005 1184 3084 quae
1220 3001 1300 3061 ante

243 3123 323 3216 <jam
351 3111 483 3213 scripta
505 3123 627 3200 erant,
654 3113 692 3182 in
720 3133 840 3182 omues
861 3107 977 3180 denuo
1002 3123 1116 3208 partes
1140 3137 1300 3207 versare,

203 3316 204 3323 ,
244 3241 344 3317 'vitiis
367 3253 402 3312 et
431 3237 604 3311 erroribus
631 3235 754 3309 affecta
783 3235 976 3333 corrigere,
1000 3237 1160 3312 inchoata
1184 3239 1300 3316 absol-

242 3375 353 3460 ¹vere,
378 3365 480 3438 horas
511 3383 660 3466 quasque
689 3361 883 3438 subsecivas
913 3361 996 3436 huie
1026 3357 1144 3438 labori
1162 3369 1301 3468 impen-

243 3489 351 3568 dere.
399 3494 515 3594 Atque
539 3493 587 3564 sic
616 3503 697 3590 post
718 3487 827 3562 multa
852 3513 969 3562 rerum
992 3488 1195 3567 discrimina
1220 3521 1302 3595 pro.

244 3617 398 3694 'missum
416 3632 589 3720 praestare
613 3616 701 3688 milri
719 3618 875 3716 contigit.

301 3747 372 3821 Hic
403 3747 506 3845 igitur
530 3743 616 3833 tibi,
649 3745 792 3818 Lector!
821 3743 1006 3843 praecipua
1034 3763 1177 3834 eorum,
1212 3775 1301 3847 quae

251 3871 332 3950 Viri
362 3867 473 3945 Docti
495 3867 539 3942 de
571 3870 727 3943 Oratoris
760 3871 854 3943 Sacri
886 3893 1030 3942 munere
1066 3889 1301 3966 monuerunt,
1347 3875 1349 3880 ’

255 4001 357 4074 variis
373 4022 416 4072 ex
435 3993 592 4072 lontibus
608 3995 753 4069 habebis
772 3995 916 4070 collecta
935 4009 970 4068 et
992 3997 1172 4071 contracta
1188 3998 1303 4075 brevi·

255 4097 333 4219 ter}
368 4149 481 4225 neque
518 4150 646 4201 meram
687 4138 802 4197 terren
831 4137 867 4196 et
899 4125 1188 4223 supervacaneum
1223 4142 1302 4200 ante
1427 4139 1428 4178 ³

1235 4279 1305 4352 qam
