2774 5022
191 327 239 416 P}
254 337 306 420 11.
336 342 375 418 C.
396 344 430 419 1.
480 335 538 420 De
565 344 665 419 Orat.
685 331 822 417 ‘Sacrae
847 339 1005 416 materia.
1078 361 1129 444 97

74 535 161 614 haud
177 563 255 612 raro
282 553 321 612 s'e
353 535 460 636 iebus
484 539 667 642 implicant
693 537 903 632 tractandis,
937 531 1127 639 quaesibi

75 669 180 740 minus
206 667 363 764 cognitae
394 680 430 739 et
460 681 661 768 perspectae
687 679 792 759 sunt,
823 679 883 740 aut
913 690 994 740 suae
1026 677 1122 739 certe

72 815 136 866 non
154 793 304 866 omnino
331 806 527 893 congruunt
555 795 647 868 uitae
662 818 672 866 ι
687 805 743 896 ¹ut
765 815 847 866 curn
872 817 902 866 e.
925 818 957 866 c.
982 792 1121 897 juvenis

71 941 199 995 severus
218 943 503 1004 morumcenscr
524 932 560 992 et
586 921 769 1020 castigator
796 943 872 992 esse
898 917 1009 1011 solet,
1022 917 1120 1028 uvel,

70 1046 121 1147 qui
137 1043 239 1157 prole
256 1057 373 1151 caret,
399 1046 439 1120 in
460 1043 612 1120 dicendo
629 1046 682 1136 de¹
697 1069 887 1148 puerorum
911 1021 1118 1129 educatione

70 1170 223 1276 frequens
244 1185 316 1248 est:
341 1197 491 1274 quorum
515 1171 665 1248 altenrm
679 1187 817 1248 tanturn
836 1170 983 1274 quadrat
1001 1173 1041 1246 in
1062 1170 1115 1250 vi-

68 1322 114 1372 ros
140 1300 340 1376 maturioris
369 1300 520 1396 aetatis;
554 1298 703 1376 alterum
731 1299 773 1374 in
796 1299 1113 1403 patremfamilias.

15 1519 18 1656 ψ
362 1498 373 1530 ›
511 1479 546 1585 ι.
594 1483 653 1564 ιι.

15 1661 16 1716 t
104 1655 226 1768 Neque
242 1655 329 1738 haec
346 1673 463 1738 tamen
485 1661 536 1736 sic
553 1655 781 1763 intelligenda
800 1670 904 1753 sunt,
928 1687 969 1738 ac
989 1659 1018 1740 si
1036 1661 1110 1738 ora-

15 1723 17 1836 Ι
64 1798 125 1863 tcre
92 1815 198 1884 re·m,
226 1781 323 1932 quod
350 1785 457 1888 vulgo
485 1814 567 1864 eum
597 1785 769 1885 dedecet,
802 1791 909 1865 etiam
937 1788 1113 1894 dedecere

63 1907 270 1992 censendum
291 1911 337 1989 sit
348 1907 523 2019 ,quando
541 1919 745 2022 necessitate
769 1911 919 2021 quadam
944 1914 1110 2018 singulari

63 2037 209 2120 adriam
233 2055 436 2118 consuetam
458 2039 685 2118 deserendam
707 2058 884 2144 urgeatur.
934 2039 1026 2152 ΝιιιιιΙ
1045 2044 1110 2123 ubi

64 2193 88 2244 e.
121 2197 151 2245 c.
182 2168 440 2274 discerdiarum
472 2170 703 2245 seminatam
738 2165 841 2271 longe
854 2170 1005 2276 ‘lateque
1033 2199 1110 2248 ser·

59 2311 229 2398 pserunts
247 2311 288 2372 ιιι
314 2297 398 2371 mali
431 2295 615 2396 contagio,
646 2299 717 2372 nisi
742 2297 857 2372 subito
882 2301 1107 2400 reprimitur,

60 2419 266 2500 teterrimam
298 2425 477 2500 minitetur
502 2449 642 2499 morum
671 2424 988 2528 depravationem
1027 2423 1107 2531 qt'ris

59 2551 188 2626 tandem
218 2553 318 2650 aegre
350 2552 459 2646 ferat,
494 2565 666 2627 oratorem
679 2599 702 2645 ,·
725 2553 786 2654 qui
815 2579 930 2654 nuper
960 2554 1106 2632 demum

60 2679 183 2752 muneri
202 2701 266 2753 suo
283 2665 440 2787 initidtus
462 2681 527 2770 sit,
551 2681 734 2753 materiam
754 2676 823 2752 sibi
838 2673 1018 2771 interire,
1043 2707 1104 2756 cu·

59 2807 102 2904 jus
125 2806 393 2880 tractationese
417 2803 502 2880 huic
525 2806 636 2902 malo,
663 2804 857 2908 prudenter
875 2799 1041 2908 quidem,
1063 2822 1113 2888 aa*

56 2929 174 3009 sortiter
200 2947 323 3009 tamen
344 2948 510 3036 opponat
596 2945 599 2954 '
696 2947 700 2954 ’

382 3085 695 3214 ,ᾗιδι

64 3286 158 3383 Sed
178 3287 392 3368 Oratoribus
407 3289 543 3383 Sacris,
559 3292 620 3393 qui
639 3225 881 3370 tractationem
902 3305 1033 3370 carme
1038 3293 1104 3374 att

55 3419 144 3515 cujus
164 3421 336 3492 materiae
351 3416 421 3492 sibi
443 3419 712 3521 praescriptam
704 3415 861 3510 vident,
885 3417 982 3494 nulla
999 3447 1103 3522 quae·

54 3541 142 3628 tendi
167 3571 273 3620 causa
301 3558 373 3639 est,
400 3571 488 3620 num
510 3541 622 3635 illud,
646 3544 742 3646 quod
769 3542 886 3618 dicere
913 3545 1109 3668 jubentur,

54 3665 107 3744 sibi
134 3673 351 3748 conveniat.
380 3674 487 3750 immo
513 3697 615 3762 vero,
653 3668 782 3745 fiducia
812 3695 874 3758 sua
904 3670 943 3745 in
975 3675 1102 3752 auxilio
1206 3743 1209 3750 ,

53 3791 168 3872 Divino
197 3799 329 3902 posita,
361 3797 540 3900 negotium
569 3789 680 3877 sibi
667 3796 873 3906 rmpositum
895 3795 971 3874 sine
1002 3811 1109 3890 metu,

20 3925 204 4024 peragere
237 3919 391 4020 dehent,
428 3927 495 4004 hoc
523 3952 635 4002 uuum
669 3937 853 4012 caventes,
889 3950 936 3998 ne
960 3937 1100 4026 praeter
1239 3925 1248 3934 ’

48 4055 281 4198 necessitatem
300 4045 448 4168 οιιιίὃιιί
468 4051 549 4132 talia
574 4023 823 4148 admisceant,
829 4061 881 4126 ιιι
904 4063 1001 4128 extra
1019 4058 1120 4156 prc-'

622 4180 655 4254 G
1023 4179 1103 4267 rin·
