2860 5022
432 389 902 472 rvrrzaraoaaro.v
1077 427 1078 432 κ
1142 363 1199 472 va

147 608 216 707 {am
244 597 432 674 dictomm·
447 591 703 694 repetitionem
750 587 909 664 Primam
933 585 1050 678 enim,
1073 600 1115 664 ut
1145 587 1196 664 ad

147 727 310 804 subtilem
341 721 568 798 instimtionis
597 716 822 793 scholasticae
855 715 1026 792 rationem
1059 713 1195 792 ordinis

147 855 390 959 adjungeretur
411 846 660 951 perspicuites3
687 867 816 920 novam
840 841 1014 943 qrrandam
1026 842 1195 938 ferream

147 983 232 1058 huic
257 978 463 1080 disciplinae
490 970 705 1046 induendam
729 993 803 1044 esse
827 967 1005 1070 putabam.
1054 969 1194 1046 Deinde
1246 1003 1255 1016 ·

148 1108 304 1183 Oratoris
335 1105 432 1176 Sacri
452 1103 680 1199 praeparatio
713 1099 758 1172 ad
789 1111 923 1172 rectam
954 1099 1106 1172 muneris
1141 1101 1197 1176 sai

148 1229 513 1319 administrationem,
552 1231 649 1327 cujus
675 1226 825 1299 maxima
852 1247 935 1326 pars
960 1223 1065 1324 vulgo
1094 1251 1196 1328 prae·

149 1359 357 1434 termittitur
375 1353 433 1432 val
460 1353 575 1427 obiter
602 1365 738 1426 tantum
764 1351 964 1450 attingitur,
997 1357 1075 1454 ejus
1105 1353 1196 1430 mihi
1249 1386 1251 1397 ·

147 1513 223 1562 esse
249 1485 429 1561 videbatur
456 1479 643 1584 ponderis,
668 1491 709 1552 ut
741 1479 880 1580 copiose
909 1478 1115 1582 exponenda
1142 1504 1196 1556 os·
1291 1574 1301 1592 μ

107 1639 110 1644 ·
146 1629 212 1690 set.
261 1615 443 1688 Praeterea
472 1608 557 1682 huic
588 1605 728 1680 Oratori
761 1606 946 1681 constituta
970 1605 1046 1707 lege
1072 1607 1117 1682 de
1144 1631 1198 1682 re·

147 1741 215 1816 tas
230 1742 370 1815 -Sacrie
389 1753 426 1812 et
457 1733 602 1839 quidem
634 1732 842 1810 Christianis
868 1736 1025 1808 oratione
1054 1735 1196 1828 soluta,

143 1882 317 1966 perpetua
340 1881 378 1942 et
395 1863 567 1963 populari
581 1883 650 1958 poc
674 1863 840 1936 coacahae
859 1860 1002 1935 dicendi
1021 1863 1076 1936 ad
1087 1863 1200 1938 audi·

147 1989 283 2069 toribus
299 1989 617 2090 persuadendam,
644 2003 688 2060 at
710 1985 870 2062 homines
892 2009 976 2064 aere
1008 1989 1201 2066 Christiani

148 2125 243 2210 riat,·
276 2145 322 2194 err
349 2119 416 2191 hoc
451 2131 617 2218 tanquam
652 2118 767 2217 capito
792 2128 829 2186 et
858 2115 1031 2218 prmcipio
1059 2138 1199 2194 ornnem

149 2269 266 2320 meam
287 2245 500 2346 pendentem
517 2245 586 2318 seci
604 2244 851 2344 scriptionem:
876 2241 922 2314 de
941 2269 1011 2346 quc
1033 2244 1196 2346 quidem

152 2395 234 2447 cum
262 2373 319 2448 lex
354 2370 415 2446 ilia
445 2370 623 2444 doctrinae
655 2365 870 2442 Christianae
887 2369 998 2470 *piane
1021 2387 1201 2449 conseram·

150 2523 218 2573 noa
238 2500 307 2590 sit,
332 2517 398 2572 nec
417 2497 660 2598 Philosophiae
679 2495 754 2570 reri
776 2497 931 2570 nominis
945 2513 1139 2600 repugnet,
1164 2514 1202 2576 et

150 2647 234 2698 vero
257 2646 322 2695 sua
351 2647 388 2695 se
420 2643 580 2723 quoqne,
596 2623 675 2694 nisi
705 2621 829 2714 fallor,
866 2626 1090 2700 commendet
1119 2629 1202 2702 sim·

84 2778 88 2784 ·
150 2750 326 2852 plicitate,
352 2750 546 2848 graviorem
566 2747 604 2817 in
631 2745 934 2846 reprehensionem
966 2775 1024 2822 mc
1043 2753 1204 2825 incoram

150 2899 231 2950 rum
258 2901 332 2948 non
365 2899 438 2948 esse
468 2872 620 2950 confido.
670 2871 746 2946 Nec
766 2887 898 2946 temere
928 2885 989 2946 aut
1008 2899 1095 2950 rana
1114 2877 1201 2953 nori

152 3002 298 3076 dicendi
322 3001 536 3103 cupiditate,
561 2999 623 3073 sed
647 2988 838 3074 deliberato
859 3000 1002 3074 oonsilio
1026 3001 1201 3101 gravibus·

154 3129 286 3229 quade
308 3129 420 3202 causis
439 3129 571 3202 iactum
593 3151 667 3202 esse
690 3129 787 3221 scio,
810 3125 905 3230 quod
919 3125 1092 3217 subinde,
1117 3130 1203 3230 ipsis

143 3257 192 3328 in
215 3253 320 3328 rebus
342 3253 578 3354 explicandis,
602 3279 622 3327 a
649 3252 803 3329 virorum
824 3253 912 3326 mihi
931 3267 1203 3328 aestumatorum

157 3383 328 3454 sententia
362 3378 616 3454 discedendum
649 3403 721 3454 esse
752 3403 958 3472 censerem,
991 3380 1048 3454 vel
1080 3382 1202 3458 tritam

155 3520 193 3578 et
219 3520 419 3580 consuetam
448 3508 539 3582 viam
572 3506 777 3580 desererem.
827 3505 934 3581 Unde
963 3507 1110 3610 quisque
1141 3533 1202 3584 ro·

155 3627 221 3706 lim
250 3634 444 3734 intelligat,
477 3631 920 3736 quomodo'disputationes
951 3631 996 3708 de
1028 3633 1204 3713 Orationis.

149 3761 419 3856 popularitate,
458 3763 590 3858 duplici
616 3762 764 3857 forma,
801 3762 1205 3860 concamaratione,

158 3885 309 3960 dictione
341 3903 378 3961 ct
407 3887 510 3988 plura
545 3887 611 3962 alia
642 3890 786 3993 majoris
814 3888 1002 3962 minorisve
1037 3887 1205 3991 ponderis

159 4013 365 4116 accipienda
389 4017 471 4088 sint.
500 4015 586 4090 Sed
609 4030 703 4090 recte
724 4041 770 4090 an
792 4018 909 4090 minus
929 4029 1024 4092 recte
1047 4017 1149 4090 variis
1169 4015 1209 4090 in

160 4139 418 4254 quaestionibus
443 4142 630 4218 tractandis
656 4157 812 4230 versatus
832 4144 927 4234 sim,
951 4141 1099 4217 aliorum
1117 4125 1212 4242 ¹judi·

741 4271 810 4362 *4
963 4315 966 4323 ·
1160 4266 1217 4340 oio
