2736 5018
247 403 323 501 ,εο-
367 405 414 477 1².
435 405 506 477 111.
540 403 623 482 scr.
662 403 702 478 e.
724 403 777 476 11.
830 405 886 477 ne
914 403 1033 480 cnoro
1056 407 1092 482 a
1115 407 1193 501 tosa

246 599 344 676 irtus
358 599 448 703 ‚qui
462 601 644 676 Graeciam
662 614 698 672 et
715 601 867 676 Romam
892 599 978 674 olim
994 599 1230 679 illustrarunt:
1256 599 1299 678 hi

247 729 364 816 enim,
389 726 545 826 quamvis
566 723 651 800 libri
672 753 792 800 eorum
812 735 849 800 et
870 726 982 802 mrrlte
1005 729 1187 806 continent
1208 727 1298 800 Ora·

200 950 202 960 ¹
246 853 314 926 tori
329 853 433 925 Sacro
449 851 564 924 minus
588 853 871 950 accommodata,
898 867 933 926 et
966 853 1132 928 nonnulla
1167 853 1296 940 etiam,

247 1003 335 1080 quae
353 977 473 1084 rnegis,
491 975 745 1080 vituperanda,
776 971 883 1080 quam
904 977 1076 1082 laudanda
1097 992 1178 1052 sunt
1201 977 1298 1076 (†)‚

247 1130 290 1178 cx
302 1100 510 1212 ipsaltamen
530 1084 871 1206 eloquentia'in'vita
891 1101 1069 1183 communi
1086 1098 1197 1180 oculis
1217 1130 1301 1176 eon-

247 1223 448 1334 te'r'nplanda
467 1225 671 1322 Rhetoricae
693 1227 842 1305 maxime
863 1229 1089 1336 disciplinam,
1103 1231 1302 1334 petierunt,

247 1348 284 1434 e't
299 1355 391 1432 bene
408 1352 550 1431 dicendi
570 1356 724 1456 regulas,
749 1352 795 1433 ab
817 1356 913 1464 omni
939 1354 1303 1439 Oratoreobservan-

248 1473 333 1593 das,
361 1477 411 1558 ita
438 1465 721 1586 proposuerunt}
749 1502 789 1558 ut
814 1485 991 1591 plerisque
1024 1488 1223 1561 recentioris
1247 1513 1304 1558 ae·

248 1607 329 1688 t'atis
363 1606 583 1704 hominibus,
609 1597 686 1684 turn
714 1602 843 1710 ingenii
866 1589 1040 1718 ubertate,
1065 1628 1140 1688 turn
1165 1616 1305 1712 integro

249 1727 285 1815 el
304 1732 505 1840 incorrupto
524 1735 664 1838 pulchri
689 1733 890 1840 venustique
915 1740 1031 1814 'sensu
1066 1737 1305 1827 antecellere,

249 1851 360 1968 iisque
379 1858 592 1968 eloquentiae
618 1861 686 1938 sibi
714 1847 967 1966 compardndae
992 1865 1159 1965 tanquam
1193 1863 1306 1940 duces

251 1981 325 2066 esse
350 1983 698 2093 deprehendantur(
740 1989 767 2090 ).
898 1991 904 2000 ’
939 1990 943 1998 ’
976 1991 980 1998 ’
1249 2001 1251 2009 ’

261 2121 269 2150 ‘
323 2114 326 2122 ’
721 2148 740 2246 ς
800 2144 835 2220 6.

263 2222 271 2258 l

262 2307 415 2400 ‚Quam
442 2304 593 2380 maximo
622 2297 728 2404 igitur
761 2301 807 2376 ad
838 2303 993 2378 studium
1025 2304 1107 2378 anis
1136 2305 1309 2380 oratoriae

255 2433 428 2532 agendum
466 2429 743 2506 commendanda
784 2441 891 2519 sunt,
928 2455 1016 2530 quae
1051 2431 1118 2504 hoc
1158 2429 1204 2506 de
1248 2459 1306 2508 ar-

255 2572 421 2660 gumento
446 2561 657 2660 scripserunt
691 2577 1015 2648 rnrsrornnns,
1052 2559 1210 2630 omniurn
1233 2563 1313 2659 pri·

254 2715 334 2794 mus
373 2699 408 2760 et
459 2687 644 2786 princeps,
681 2706 904 2756 ororrrsrus
951 2685 1310 2776 Halieamassazsis,

256 2838 484 2904 percursus,
510 2833 860 2896 ournorrurrnus.
892 2810 929 2882 Si
948 2811 1023 2914 quis
1041 2825 1157 2886 autem
1178 2812 1314 2885 horum
1365 2829 1366 2844 ¹

258 2942 475 3041 Scriptorum
490 2937 598 3010 libros
625 2933 761 3008 assidue
787 2960 828 3008 ao
850 2931 1032 3034 diligenter
1053 2936 1191 3038 legerit,
1218 2952 1317 3012 eete-

131 3081 134 3088 '
258 3092 317 3140 ros
340 3067 405 3165 (ἓ)
430 3063 524 3170 haud
548 3061 648 3138 valde
672 3076 809 3164 praeter
830 3088 939 3134 unuur
960 3060 1173 3138 desiderabit
1194 3091 1319 3138 crou-

259 3206 433 3285 nosen,
459 3197 556 3294 eujus
587 3189 739 3279 monita,
781 3189 819 3260 in
852 3185 1013 3295 operibus
1044 3194 1118 3290 ojus
1151 3197 1318 3267 oratoriis

259 3317 491 3424 reperiunda,
522 3329 619 3389 tanto
651 3313 759 3412 magis
790 3316 829 3386 in
863 3339 1006 3387 succum
1035 3318 1321 3422 sanguinemque

263 3445 495 3522 convertenda
518 3457 621 3532 sunt,
647 3442 811 3542 quoniam
836 3437 1010 3514 debentur
1033 3445 1126 3538 viro,
1148 3448 1208 3548 qui
1237 3448 1323 3548 ipse

1242 3574 1324 3646 elo-

300 3770 360 3842 (†)
391 3769 507 3824 Introit.
525 3767 548 3837 §-
563 3769 605 3820 ¹5-
631 3763 707 3820 Part.
719 3759 739 3820 l.
757 3757 823 3840 capi
834 3768 857 3819 3.
878 3763 956 3834 5018.

269 3843 278 3856 b
301 3857 353 3932 (Ἰ
385 3855 649 3919 Tareninus,
679 3853 779 3930 Briese.
807 3873 837 3930 p.
864 3859 896 3909 23
922 3871 982 3928 sqq.
1031 3851 1074 3910 Cf.
1102 3859 1216 3926 praeter
1242 3856 1326 3916 ¹alios

266 3966 384 4015 suern,
400 3963 429 4020 p.
440 3947 491 4000 386
509 3960 571 4016 sqq.
595 3939 645 3995 uhi
665 3949 760 3995 tamen
780 3940 815 3996 de
837 3939 980 3996 nonnullis
1003 3939 1189 3996 recentiorum
1209 3951 1327 4020 ternpo-

267 4057 332 4092 rurn
351 4029 523 4099 Rhetoricis,
544 4027 710 4084 nominatim
735 4027 770 4084 de
791 4049 970 4096 ersrrnro,
991 4028 1132 4090 verissimo
1154 4038 1183 4084 et
1203 4029 1329 4106 elegan-

271 4123 374 4180 tissimo
393 4121 522 4188 doctore,
541 4119 663 4191 iniquius
681 4117 791 4190 judicat.

307 4214 362 4288 (ἓ)
390 4211 549 4278 Monuni,
579 4207 699 4269 Lih.V1.
727 4224 826 4280 cop.r.
