2752 5022
178 433 298 516 ΕΠ.
328 433 452 509 off.
502 435 558 507 De
586 431 685 504 ema
711 416 1026 512 saase'eaoaas.
1061 375 1149 520 ..183

546 626 577 726 ς.
628 626 689 702 ts.

146 783 313 862 Slruilitsr
343 781 560 856 auditoribus
590 783 699 882 frigus
719 777 845 876 affert,
875 785 935 862 rel
955 786 1149 868 ridiculum
1280 791 1282 796 ’

98 935 134 989 se
155 913 238 987 lacit
265 911 420 1001 Orator,
446 911 476 982 si
503 905 781 986 Excessum
806 904 881 987 aliis
900 901 1075 990 utiturlu
1095 907 1151 991 lo.

95 1041 163 1134 cis,
189 1057 294 1142 quam
319 1027 514 1112 unianimi
542 1034 595 1110 sui
618 1031 778 1128 affectio,
817 1043 877 1113 aut
899 1053 1019 1115 antae
1047 1035 1152 1120 vohe-

95 1167 244 1241 menuae
263 1172 338 1257 est,
357 1177 399 1236 ut
415 1183 493 1236 eam
505 1165 613 1238 oratio
630 1187 704 1240 non
724 1157 838 1270 capiar
851 1167 1072 1264 continuam
1093 1183 1153 1245 aut

97 1299 167 1368 tam
192 1291 309 1366 subito
330 1283 524 1382 excitatur,
542 1293 584 1366 ut
602 1287 749 1368 orationi
769 1286 971 1398 hujusmodi
986 1313 1153 1400 quaereri-

74 1489 76 1494 ,
98 1419 163 1496 dae
188 1437 313 1496 vacare
329 1431 494 1520 nequeat.
541 1411 578 1492 Si
601 1433 719 1498 autern
737 1441 777 1495 ea
799 1416 867 1496 hac
889 1420 1150 1526 opportunitate

97 1567 138 1620 ex
166 1546 325 1622 Oratoris
351 1552 511 1646 pectore
514 1561 671 1638 emanat,
695 1563 769 1623 non
789 1539 889 1622 aliter
910 1536 1055 1652 quidem
1074 1546 1175 1628 lieri*
1270 1560 1272 1563 ’

96 1685 235 1776 potest,
259 1673 346 1774 quin
375 1673 415 1745 in
436 1669 634 1760 auditurum
653 1693 790 1780 qnoque
808 1687 969 1786 penetret
987 1695 1150 1781 pectora:

97 1799 179 1894 sed,
202 1799 255 1873 uti
279 1824 391 1874 vanus
411 1813 464 1874 est
487 1813 522 1873 et
549 1801 651 1884 fallax
674 1803 800 1894 homo,
826 1804 887 1906 qui
910 1803 1153 1882 delectationis
1230 1805 1232 1809 ’

99 1953 198 2002 causa
213 1929 252 2000 in
263 1926 584 2013 ,Exclamationem
603 1929 779 2026 exsurgit,
804 1931 855 2004 ita
874 1944 935 2005 aut
952 1933 1151 2038 frequenter

100 2055 312 2145 exclamare,
338 2056 457 2128 autin
486 2081 524 2127 re
550 2055 648 2128 tenui
677 2067 715 2126 et
736 2052 1063 2166 volgqridemcntis
1087 2073 1152 2140 est.

102 2177 320 2284 Quapropter
353 2181 440 2256 haec
472 2182 610 2282 figura,
647 2195 682 2254 et
719 2176 763 2254 ab
792 2183 959 2258 orationis
989 2185 1155 2289 obhorret

103 2309 280 2416 partibus,
305 2333 394 2410 quae
413 2307 548 2384 nudam
572 2311 624 2382 rei
647 2322 760 2408 gestae
784 2311 1017 2386 narrationem
1045 2314 1155 2386 conti·

101 2444 208 2532 irent,
232 2449 268 2515 et
292 2433 337 2514 ab
363 2437 459 2516 omni
480 2435 648 2528 exordio;
673 2435 741 2510 nisi
764 2435 852 2510 forte
871 2459 960 2514 nova
982 2437 1152 2540 quaedam

100 2565 244 2646 civitatis
268 2561 485 2638 Christianae
510 2561 671 2654 fortuna,
698 2586 865 2663 prospera
890 2588 952 2638 seu
981 2564 1151 2656 adversa,

101 2696 284 2770 Oratorem
305 2690 355 2762 ita
378 2689 619 2780 effecerim
579 2697 619 2762 ut
646 2687 763 2763 animo
785 2693 858 2788 jam
887 2691 1037 2789 graviter
1062 2715 1155 2769 com·

100 2795 193 2902 moto
216 2821 256 2897 in
276 2817 484 2891 concionem
507 2814 672 2919 procedat
697 2815 779 2916 (†)

550 2968 692 3070 §53

149 3130 381 3206 Pervenimus
403 3123 557 3228 denique
578 3124 623 3200 ad
651 3129 829 3222 Iresiam,
857 3133 957 3232 culus
981 3158 1047 3208 usu
1072 3133 1159 3235 Ora·

106 3259 170 3332 tori
191 3257 295 3330 Sacro
317 3239 416 3327 haud
436 3254 541 3354 pauci
564 3251 791 3328 interdicunt.
842 3257 889 3329 Et
914 3284 996 3330 sane
1021 3285 1156 3354 cranao,

92 3396 186 3494 ‘'cum
207 3379 476 3486 quadruplicem
495 3393 674 3454 recenseat
695 3406 853 3471 causam,
883 3409 946 3455 cur
957 3385 1093 3483 plane,
1118 3400 1160 3460 ut

111 3511 156 3588 ait
177 3509 220 3614 (f
235 3511 276 3608 )‚
303 3511 451 3582 oratorii
477 3511 524 3582 sit
547 3511 659 3581 ritum
684 3521 838 3600 morere,
863 3509 1005 3610 ingenio
1026 3537 1088 3588 suo
1107 3517 1162 3588 ui.
1254 3609 1261 3615 .

111 3641 173 3714 mis
196 3631 365 3713 indulsit:
390 3629 566 3738 siquidem
588 3631 763 3708 movendo
787 3637 859 3710 risu
890 3651 926 3713 et
953 3641 1067 3716 omnis
1087 3667 1163 3716 ora·

112 3769 212 3843 tionis
234 3767 357 3840 cursus
377 3762 591 3856 retardatur,
617 3775 653 3835 et
674 3761 815 3845 allectio
835 3763 1012 3870 quaelibet
1038 3767 1077 3842 in
1102 3795 1164 3843 au-

1119 3898 1172 3974 di·

148 4091 215 4166 (†)
241 4090 433 4152 Esasuns,
451 4089 556 4160 9988
587 4103 780 4172 ansulas,
801 4107 831 4165 p·
852 4045 908 4161 aql.

149 4185 180 4254 (*
189 4181 263 4252 >De
284 4179 364 4236 Orat.
396 4171 454 4232 Lib
473 4173 511 4236 11
541 4191 603 4249 cap.
626 4180 665 4234 58
