2726 5022
36 321 37 360 ³
124 359 756 464 '1⁰thS.1.'·De1’raeparatiore
781 363 972 447 resistens.
1022 363 1094 474 2'29

34 581 35 586 ’
70 567 124 640 sibi
151 567 261 639 omnia
286 563 345 638 ille
371 561 547 665 acquirere
578 561 723 654 studet,
748 565 875 664 quibus
910 563 955 643 ad
986 589 1093 670 negoi

70 694 141 764 tium
164 688 299 764 dicendi
333 689 423 763 bene
455 689 693 790 peragendum
723 693 825 793 e'tque
855 694 1094 788 auditoribus,

31 861 32 868 κ
69 817 270 890 ut'homines
288 841 371 890 vere
396 815 574 890 christiani
598 817 690 909 sint,
714 818 997 918 persuadendum
1017 818 1094 895 ido·

30 1003 31 1008 η
66 969 139 1040 ¹neus
159 941 335 1022 reddatur.
411 939 412 944 ’

508 1101 537 1198 q.
588 1127 622 1172 2.

60 1287 63 1294 ·
101 1259 393 1354 Quemadmodum
406 1261 563 1336 Oratoris
580 1263 674 1334 Sacri
688 1287 817 1336 munus
833 1277 948 1336 tantae
966 1277 1002 1336 et
1016 1289 1091 1362 gra-

62 1390 158 1463 vitatis
181 1403 215 1463 et
239 1387 479 1488 amplitudinis
511 1401 585 1476 est,
610 1401 651 1460 ut
685 1387 888 1490 hujusmodi
910 1413 1090 1489 praepara·

63 1515 171 1589 tionem
201 1517 269 1590 sibi
298 1518 441 1588 omnino
471 1513 644 1614 postulet;
681 1516 731 1587 sic
755 1515 855 1589 haec·
874 1517 1107 1618 praeparatio¹

62 1640 117 1718 duo
138 1643 237 1716 effert
257 1642 371 1730 bona,
396 1667 484 1743 quae
504 1641 646 1712 maximi
666 1640 833 1738 ponderis
858 1655 959 1716 sunt:
987 1656 1027 1716 ut
1056 1657 1091 1714 et

61 1768 119 1866 ipse
132 1772 202 1844 sine
223 1769 386 1870 scrupulo
406 1795 470 1869 pro
491 1767 659 1840 concione
684 1767 800 1840 dicere
820 1771 948 1869 possit,
972 1781 1009 1840 et
1029 1797 1088 1842 au·

59 1892 166 1967 ditores
186 1895 354 1970 fiduciam
374 1921 472 1978 suem
500 1897 538 1976 in
562 1918 603 1968 eo
635 1891 802 1976 collocare
830 1873 925 1968 heud
945 1917 1087 1967 verean-

21 2025 22 2034 ψ
59 2021 198 2124 ture)-

504 2179 535 2284 s·
584 2181 619 2263 ³,

92 2343 250 2434 Quemvis
273 2353 388 2412 autem
411 2363 451 2411 ea
479 2339 634 2441 corporis
660 2339 835 2440 animique
859 2339 957 2414 dotes
980 2353 1016 2412 et
1041 2342 1088 2413 fa·

17 2471 18 2524 ἶ
53 2465 199 2560 edures,
225 2491 313 2570 quae
337 2467 478 2539 Oratori
493 2467 596 2540 Sacro
619 2466 732 2538 inesse
754 2465 906 2557 debent,
932 2467 1084 2556 nemini,

53 2595 96 2666 eui
113 2611 235 2672 natura
255 2593 331 2667 illas
353 2593 510 2689 negavit,
536 2594 707 2692 inspirare
736 2607 851 2692 potest
875 2592 914 2690 (¹⁸
929 2595 963 2690 );
989 2605 1087 2664 tanta
1167 2671 1171 2676 ,

51 2733 151 2794 tamen
178 2725 308 2796 virtute
340 2717 468 2820 pollet,
496 2730 536 2790 ut
565 2719 745 2792 hominem
772 2721 931 2792 omnium
967 2744 1086 2792 rerum

48 2842 202 2934 honarum
231 2842 374 2933 rudem,
399 2843 532 2926 metalli
553 2845 663 2925 instar
683 2867 726 2914 ex
754 2857 864 2917 terrae
895 2845 1086 2919 visceribus

49 2971 166 3064 effossi,
191 2971 389 3049 imminutis
406 2969 461 3042 vel
477 2968 601 3044 deletis
619 2971 733 3062 vitiis,
758 2997 847 3081 quae
863 2971 945 3050 iude
962 3000 981 3064 a
1001 2999 1087 3078 pue-

1040 3101 1089 3180 ris
1164 3169 1183 3186 ,.

73 3285 303 3365 (moesus,
329 3313 356 3368 p.
377 3294 425 3349 232
443 3310 502 3368 sqq.
527 3311 656 3362 serore,
674 3290 755 3352 Tom.
768 3293 791 3348 Ι.
809 3314 838 3370 p.
854 3315 902 3371 ¹79
919 3314 979 3370 sqq.

44 3389 46 3399 '
77 3385 124 3458 Γ)
147 3384 194 3440 De
218 3393 353 3452 naturae,
370 3399 442 3456 quae
459 3381 606 3452 dicuutur,
623 3381 722 3451 donis,
742 3382 857 3438 Oratori
874 3385 957 3440 Sacro
973 3381 1009 3438 ed
1023 3401 1085 3438 mu·

44 3489 88 3528 uus
118 3492 203 3532 suum
233 3471 307 3529 bene
337 3470 590 3530 administrandum
618 3471 800 3541 necessariis,
830 3471 877 3528 hic
905 3490 988 3548 agere
1013 3470 1086 3534 nihil

46 3561 142 3620 attinet.
176 3565 319 3638 Legnntur
335 3581 396 3618 ur
413 3579 474 3616 neu
490 3578 658 3629 πιιιμι,
676 3577 730 3634 p.s
750 3578 810 3636 sqq.
845 3581 976 3626 seques
994 3583 1022 3640 p.
1036 3566 1086 3618 256

43 3666 109 3728 seqq.
135 3656 317 3720 rurensis,
338 3656 394 3728 p.5
413 3669 473 3725 sqq.
508 3667 657 3704 nosses.
677 3653 756 3706 Oves·
777 3651 825 3708 det
844 3663 940 3729 ampt,
957 3653 992 3710 de
1011 3655 1085 3730 plig·

43 3749 80 3795 teu
108 3762 142 3800 en
175 3752 344 3818 voorregsen
374 3758 428 3796 van
458 3757 542 3794 eenen
576 3739 854 3814 Evangeliediemar.
901 3763 930 3818 p.
964 3752 995 3802 δι
1024 3763 1085 3817 sqq.

42 3849 134 3890 suune
146 3854 188 3902 ι,
207 3835 405 3907 Einleitungin
420 3831 467 3887 die
483 3829 684 3906 Theologisshe
706 3831 953 3902 Wissensedasten.
972 3835 1053 3890 Tom.
1063 3833 1085 3889 Ι.

42 3936 65 3990 p.
82 3924 112 3990 57
130 3941 193 3998 sqq.
224 3922 273 3998 qui
295 3921 353 3978 duo
373 3931 469 3976 tamen
492 3918 522 3974 in
548 3919 742 3989 recensendis,
763 3940 836 3996 quae
862 3922 976 3980 Oratori
1000 3922 1087 3978 Snern

41 4013 186 4078 qecesse'ria
204 4019 289 4077 suut,
309 4029 367 4066 non
391 4008 597 4080 substiterunt,
616 4009 667 4066 sed
687 4009 723 4066 de
745 4012 876 4068 omnibus
896 4023 1085 4090 monuerunt„

42 4113 105 4168 quae
123 4099 155 4156 iu
179 4103 330 4168 Sacrorum
349 4102 474 4164 antistite
492 4109 520 4156 et
538 4100 678 4181 Theologo
692 4102 798 4160 entdito
816 4101 1005 4174 requiruntur.

586 4192 689 4301 1³3,
