2774 5022
222 321 314 416 ,too
360 321 409 404 r,
427 323 482 410 11,
508 318 549 402 6.
566 321 629 398 11.
677 317 738 434 De
770 315 870 396 Orat.
894 311 1024 394 Sacrae
1035 316 1180 416 somna
1255 319 1284 398 ᾗ

695 514 725 614 t·
775 514 836 611 n·

225 643 250 674 ι’
288 671 360 766 Sed
382 675 413 748 si
442 670 510 746 hoo
533 675 605 778 jam
629 673 668 746 in
683 693 820 770 genere
841 669 946 748 multi
972 683 1137 774 peccant,
1166 667 1298 773 gravis

241 800 330 878 sima
350 791 430 876 ¹sine
458 797 567 876 dubio
593 799 750 902 quaestio
777 810 850 890 est,
884 801 1148 874 numeratione
1173 799 1226 871 uti
1251 797 1298 872 li·
1349 837 1353 844 ·

239 940 316 1002 ceat
342 923 570 1026 mnenon,
592 929 700 1028 eujus
723 924 973 1024 argumentum
984 927 1144 1022 pendeat
1162 950 1215 1000 ex
1232 925 1300 997 ali·
1370 911 1371 916 ἵ

237 1059 347 1158 enjus
369 1055 556 1150 saraptana
583 1055 687 1128 Sacri
707 1049 848 1142 nerbas,
872 1052 1043 1126 adalind
1062 1051 1154 1152 quid
1180 1067 1298 1124 transt

237 1184 341 1256 latter
366 1205 454 1284 quas
474 1177 663 1284 translatio
687 1178 819 1279 duplici
841 1176 946 1252 modo
970 1180 1051 1254 fieri*
1073 1191 1214 1281 potest:
1234 1175 1294 1252 vel

237 1303 347 1390 sensu¹
371 1309 569 1382 Literamm
591 1305 772 1384 Sacrorum
791 1302 944 1388 fideliter
969 1305 1112 1406 quidem
1136 1305 1295 1394 retinen·-

197 1433 305 1528 „·do‚
331 1431 393 1508 sed
418 1430 465 1506 ad
488 1457 563 1506 rem
582 1431 729 1505 alienam
753 1429 1069 1526 accommodando:
1091 1430 1148 1510 vel
1170 1420 1295 1530 figura-

234 1577 273 1638 ta
306 1560 493 1644 verborum
529 1533 814 1660 interpretatione
852 1559 1015 1664 propriae
1050 1557 1294 1670 subjicienda,

236 1691 358 1778 autin
382 1693 456 1796 elus
479 1684 596 1762 locum
621 1683 878 1770 substituenda.

283 1989 333 2092 Et
351 2003 418 2077 hoo
440 2019 544 2093 sane,
568 2013 688 2102 utpote
710 2014 745 2080 et
768 1998 941 2076 auditores
964 2024 985 2072 a
1005 2012 1125 2074 vatum
1146 1997 1291 2076 Divino

234 2157 315 2208 rum
341 2144 460 2206 mente
486 2142 669 2221 avertens,
693 2141 750 2221 et,
786 2142 826 2202 ut
855 2130 971 2204 omnis
997 2123 1102 2204 docet
1122 2125 1287 2222 historia,

230 2258 409 2359 religionis
432 2255 652 2333 Christianae
676 2253 917 2358 depravationi
946 2279 1068 2333 ansam
1093 2254 1288 2357 praebens,

229 2387 357 2487 stipsi
385 2383 539 2485 denique
565 2384 713 2457 orationi
738 2385 934 2460 Literarum
959 2384 1142 2458 Sacramm
1166 2397 1286 2459 aucto·

227 2514 368 2586 ritatem
404 2509 640 2612 praeripiens,
674 2509 897 2610 longissime,
931 2514 1001 2586 nisi
1024 2510 1198 2604 fallimur,
1232 2537 1287 2584 ar-.

168 2639 173 2648 '
227 2638 380 2713 cendum
406 2625 501 2708 est:'
518 2633 610 2709 illud
637 2661 721 2712 vero
751 2635 1038 2730 concedendum,
1062 2640 1148 2738 quin
1180 2639 1286 2712 etiam

225 2762 446 2842 suadendum
464 2786 539 2836 esse
553 2775 715 2863 putamus
736 2763 901 2856 Uestori,
926 2765 957 2838 si
975 2764 1091 2844 locum
1106 2767 1196 2839 forte
1216 2779 1286 2838 tra-

134 2931 137 2933 ·
225 2906 320 2966 ctare
354 2887 491 2982 dehet,
525 2887 644 2989 ino‘pia
669 2914 810 2991 rerum,
847 2913 936 2992 quae
962 2888 1180 2972 auditoribus
1205 2918 1285 2994 pro-

223 3018 325 3093 desse
349 3028 520 3117 possunt,
545 3014 763 3122 laborantem
785 3014 886 3114 (†);
912 3013 1058 3110 deinde,
1092 3017 1122 3092 si
1150 3031 1286 3120 tempo.

223 3150 272 3222 ris
299 3145 388 3219 ratio
416 3141 591 3245 postulat,
627 3156 669 3216 ut
692 3141 737 3214 de
761 3155 964 3240 argumento
994 3142 1155 3238 dicatur,
1188 3146 1284 3246 quod

220 3267 361 3351 L'iterae
393 3272 515 3344 Sacrae
537 3295 711 3370 nusquam
738 3269 938 3366 attingunt3
968 3266 1120 3370 denique
1153 3273 1183 3344 si
1206 3299 1285 3345 cen·
1337 3351 1340 3360 ,

218 3405 287 3495 tis,
313 3398 359 3474 ad
384 3423 472 3501 quae
492 3397 676 3498 quotannis
701 3408 918 3488 maeratur,
945 3395 1033 3476 locis
1057 3397 1090 3471 ei
1113 3401 1286 3491 constitua

160 3529 167 3538 ’
218 3521 287 3619 tis',
315 3524 523 3608 alterutrum
550 3519 752 3623 eligendum
774 3536 850 3614 est,
881 3539 1050 3625 perpetua
1079 3525 1285 3602 earumdem

217 3682 339 3734 rerum
362 3666 397 3726 et
419 3652 553 3750 ingrata
582 3651 767 3751 repetitio,
794 3664 854 3730 aut
879 3651 970 3728 lenis
998 3677 1019 3724 a
1044 3666 1163 3727 mente
1190 3653 1284 3728 Scri·

215 3784 326 3888 pteris
354 3779 469 3857 sacris
494 3775 671 3852 discessio.
787 3872 789 3878 Ι
1081 3807 1098 3868 ⁸,
1139 3880 1157 3979 ἓ
1219 3880 1268 3976 45

1159 3931 1170 3964 .
1273 3931 1285 3958 .

253 4075 317 4152 (†)
345 4071 497 4152 Egregium
529 4069 691 4148 exemplum
721 4074 842 4147 praebet
866 4077 1063 4146 nissum,
1092 4075 1200 4142 Lottres
1225 4087 1277 4142 ete.
1360 4135 1362 4140 ,

212 4165 241 4247 13.
264 4171 321 4240 ¹39·
