2860 5022
197 381 202 390 '
232 367 355 454 aeter
380 377 509 452 omen
534 369 922 467 Sacemuditoribus·
936 341 1016 456 etei*
1103 339 1151 458 '63

97 565 320 656 rum-studio
341 583 554 676 commotus,
578 561 685 645 homo
709 597 791 649 vere
818 575 1038 684 Christianus
1058 543 1152 674 esse',

99 707 158 786 vel
185 687 328 804 incipit,
355 701 418 774 vel·
437 705 569 804 pergit,
594 703 653 778 his·
673 703 817 806 quidem
841 709 880 780 in
902 709 1004 780 terris
1029 706 1153 783 beatus

98 821 179 913 fieri
199 829 294 922 vult;
316 825 399 920 sed,
415 829 708 930 quemadmodum
722 831 814 906 bona
837 833 904 907 sibi
928 825 1044 934 cupit,
1063 829 1151 939 quae

101 947 184 1035 num
204 957 351 1044 honeste
369 960 560 1032 arctissime
584 965 768 1061 conjuncta
789 974 890 1054 sunt;
914 965 962 1035 ita
980 963 1072 1038 tristi
1092 954 1153 1037 illa

98 1097 459 1161 rerum-externarum
477 1061 547 1184 'fam
567 1085 735 1192 liberatur
755 1087 966 1188 cupiditate,
992 1117 1059 1190 qua
1078 1090 1155 1166 vul-

103 1239 166 1315 gns
186 1207 403 1310 ignobilejse
430 1239 450 1283 a
472 1215 570 1310 regni
591 1215 713 1290 Divini
738 1216 903 1288 societate
924 1203 1076 1292 abstrahi
1095 1243 1154 1317 pa*

102 1344 202 1415 titur.
560 1415 564 1426 ,

561 1438 591 1535 t·
642 1437 701 1534 lu·
749 1490 751 1498 s

150 1615 279 1690 Infimo
300 1614 340 1684 in
356 1606 434 1683 loce
452 1612 581 1711 positae
606 1625 689 1724 sunt
713 1609 911 1693 affectiones
933 1617 1008 1718 spei
1032 1629 1068 1690 et
1084 1641 1170 1716 mey·

101 1759 181 1836 tus,
207 1765 292 1843 quas
318 1737 527 1810 desiderium
554 1738 665 1838 gignit
686 1766 805 1816 rerum
819 1768 1092 1840 prosperarum,
1117 1741 1156 1833 id

101 1863 156 1945 est
172 1895 302 1970 opum,
327 1863 515 1955 honorum,
528 1865 757 1965 .voluptatum
777 1871 953 1970 corporis:
978 1897 1060 1949 nam
1078 1895 1157 1976 ¹mm
1226 1881 1253 1971 .'

102 1998 218 2074 solum
239 2018 339 2096 saepe
367 1993 430 2082 fit,
454 2004 495 2063 ut
516 1990 719 2066 hominibus
738 2019 819 2070 vere
842 1995 1047 2070 Christianis
1072 1983 1158 2080 hae't

103 2126 198 2212 bona
220 2150 294 2196 non
312 2119 494 2220 obtingant
506 2143 524 2210 ;¹
539 2117 602 2190 sed
624 2121 743 2213 etiam,
769 2123 829 2226 qui
849 2121 950 2196 nullo
969 2121 1035 2194 alio
1052 2149 1158 2225 quarn
1186 2187 1189 2195 ,

105 2276 227 2323 eorum
256 2249 365 2319 fertur
397 2243 598 2337 desiderio,
634 2272 698 2346 par
730 2261 766 2320 et
790 2247 941 2348 aequalis
974 2262 1027 2322 est
1055 2249 1158 2350 vulgo
1220 2306 1222 2314 s

99 2377 155 2452 illi
182 2401 285 2474 supra
307 2383 448 2464 notato,
472 2396 585 2472 neque
608 2373 737 2471 igitur,
761 2388 801 2448 ut
822 2375 927 2448 homo
949 2401 1030 2448 vere
1052 2347 1156 2452 Chri:

103 2503 236 2577 stianus
265 2500 332 2589 sit,
357 2502 400 2576 ab
420 2504 564 2578 Oratore
584 2504 688 2578 Sacro
706 2504 918 2576 commoveri
941 2516 1065 2606 potest.

556 2677 587 2775 t.
638 2677 697 2750 50.

155 2855 431 2945 Verumtamen,
464 2853 552 2924 sicut
584 2851 700 2952 pneris
732 2876 827 2924 nunc
860 2849 1028 2940 bellans,
1063 2877 1160 2929 nune

103 2979 211 3080 flagra
232 2979 431 3053 ostentanda
451 2992 552 3070 sunt,
573 2992 759 3080 antequam
782 2980 973 3078 majorum,
988 2989 1047 3048 aut
1063 3005 1161 3080 prae-

104 3109 258 3182 miorum
273 3131 355 3206 spe,
378 3081 436 3178 ai1t
453 3131 643 3205 poenarum
662 3117 760 3178 metu
779 3105 977 3206 sapientum
1004 3083 1055 3214 sic
1075 3085 1161 3188 Ora·
1262 3103 1265 3118 '

104 3248 220 3307 torem
239 3233 381 3306 Sacrum
403 3231 459 3305 his
481 3234 594 3306 infimi
618 3231 754 3316 ordinis
775 3233 1010 3306 incitamentis
1032 3233 1085 3304 uti
1102 3231 1162 3308 de·

104 3360 192 3434 bere
218 3373 395 3461 putamus,
421 3372 461 3430 ut
482 3357 743 3432 multitudinem
766 3358 867 3432 humi
890 3371 1089 3462 serpentem
1108 3357 1164 3459 af-⁸

104 3486 317 3564 sectionibus
342 3483 507 3585 impleat,
533 3483 659 3584 quibus
684 3485 890 3585 cupiditates
909 3459 1046 3576 rerum,
1074 3511 1162 3590 quae

106 3614 251 3688 homine
276 3614 470 3686 Christiano
495 3611 657 3710 indignae
689 3625 793 3703 sunt,
824 3609 991 3712 paulatim
1017 3620 1162 3720 'coerce-1

106 3755 230 3833 antur,
255 3742 431 3847 animique
452 3738 496 3811 ad
518 3738 609 3812 bona
630 3735 772 3812 meliora
798 3737 865 3810 sibi
885 3739 1064 3840 cupienda¹
1086 3764 1162 3840 per·

109 3867 297 3940 ducantur.

567 3965 596 4062 s.
646 3961 704 4037 51.

41 4207 42 4212 ,
159 4143 210 4216 Et
232 4166 312 4213 cum
329 4139 379 4214 illi
399 4139 524 4231 etiam,
549 4140 610 4238 qui
632 4137 726 4218 haud
747 4142 887 4238 exiguos
910 4138 949 4211 in
972 4139 1108 4238 pietate
1128 4166 1171 4212 ac

1102 4291 1169 4340 vrr-
