2736 5018
241 448 245 455 ’
320 452 408 532 'Am
438 455 600 530 oratoria
624 451 859 556 collocando„
931 465 964 532 ,“
1034 457 1110 532 265·

520 648 550 746 i·
599 647 660 740 4⁰·
732 681 735 688 ’

109 815 168 896 Ad
202 787 404 887 Ommomm
441 811 589 884 Sacram
623 807 824 883 Mbmrdam
860 803 955 883 haud
990 813 1106 887 minua

64 941 294 1022 necessarium
331 951 403 1029 est,
437 951 475 1010 ut
507 937 653 1038 quisque
684 937 780 1011 vires
810 963 888 1012 suas
920 954 1107 1030 exerceat,

64 1095 162 1170 quam
198 1065 244 1141 ad
283 1091 360 1170 eam
402 1060 626 1138 faciendam:
670 1063 742 1138 dici
783 1066 883 1140 euim‘
922 1091 994 1138 non
1031 1082 1109 1166 pot·

63 1209 128 1285 est,
153 1205 323 1294 quantum
344 1189 434 1262 vires
462 1189 707 1266 adactionem
735 1189 827 1269 bene
859 1191 1108 1270 instituendam

63 1335 182 1400 natura
202 1319 326 1394 insitae
352 1315 539 1391 exercendi
568 1317 774 1420 negligentia
807 1318 1109 1416 comminuantur,

63 1446 235 1546 diligentia
262 1469 342 1516 vero
373 1455 571 1543 augeantur.
622 1443 723 1545 Hapc
753 1457 867 1520 autem
881 1433 884 1442 ’
897 1444 1110 1544 diligentiam

62 1571 200 1648 homine
220 1567 266 1643 ad
285 1569 526 1674 gravissimum
560 1571 718 1645 Oratoris
742 1571 839 1646 Sacri
862 1598 988 1650 munus
1011 1598 1111 1674 prae·

63 1699 214 1808 parando
238 1697 382 1774 omnino
415 1693 554 1793 diguam
592 1721 691 1788 esse,
717 1723 760 1775 ex
794 1725 895 1804 supra
929 1697 1111 1798 disputatis

64 1830 215 1938 sequitur
239 1823 334 1926 (†).

518 1979 549 2075 i·
599 1979 658 2072 e·

107 2163 157 2234 Et
179 2158 334 2260 primum
354 2153 499 2254 quidem
522 2157 712 2237 memoria,
737 2155 840 2229 sicuti
860 2155 1009 2230 multum
1031 2154 1115 2232 ecn'·

64 2289 129 2362 sert
160 2285 209 2360 ad
242 2284 436 2359 orationem
465 2280 559 2354 bene
593 2278 821 2373 faciendam,
860 2284 911 2355 sic
952 2285 1114 2382 inprimis

14 2487 17 2500 ,
64 2412 201 2490 assidue
226 2407 417 2498 exercenda
447 2420 518 2497 est,
543 2420 583 2482 ut
610 2407 718 2480 oratio
739 2403 801 2482 illa
824 2406 869 2480 ad
892 2409 1032 2509 regulas.
1057 2438 1114 2484 su·

61 2565 122 2640 pra
145 2537 339 2642 propositas
360 2558 427 2636 pro
449 2536 616 2612 concione
636 2531 824 2612 habeatur:
851 2536 944 2637 quod
960 2539 1038 2616 fieri
1053 2565 1118 2614 nea

62 2669 157 2767 quit,
190 2663 259 2737 nisi
287 2663 373 2736 haec
395 2659 503 2736 animi
527 2659 694 2754 facultas,
729 2688 817 2762 quae
850 2662 917 2763 ipsi
949 2662 1118 2736 mandan-

62 2805 137 2880 tur,
166 2791 242 2864 siue
267 2792 391 2888 magno'
423 2788 562 2887 negotio
591 2787 906 2889 comprehendere,
942 2815 1004 2862 suo
1029 2804 1119 2862 tem-

61 2945 146 3024 pore
184 2931 322 3022 promte
357 2937 559 3014 suggerere,
594 2938 709 3018 neque
744 2911 844 2986 aliter
877 2938 984 3015 quam
1011 2931 1118 2996 autea
1191 2908 1221 2924 Ἀ

63 3057 343 3148 acceptarunt,
380 3039 516 3129 idest,
554 3036 705 3112 fideliter
738 3039 886 3124 reddere
915 3047 1117 3120 assueverit,

10 3155 11 3160 ἵ
61 3173 215 3246 Necesse
243 3171 347 3270 igitur
381 3180 452 3257 est,
487 3178 527 3238 ut
554 3190 697 3256 omnes,
733 3166 796 3272 qui
830 3166 993 3241 Oratores
1022 3171 1118 3244 Sacri

62 3297 213 3373 evadere
239 3296 404 3397 cupiunt,
430 3317 502 3370 uon
528 3287 650 3368 solum'
663 3291 866 3370 memoriam
891 3295 1039 3372 afferant
1059 3325 1120 3372 ua-

61 3438 140 3499 tura
170 3424 302 3498 bonam
323 3437 425 3522 atque
451 3447 470 3491 a
493 3421 609 3520 pueris
639 3418 934 3518 amplificatamet
958 3421 1121 3494 corrobo-

62 3565 198 3644 ratam,
224 3547 406 3637 sedeam,
439 3545 605 3648 quamdiu
629 3547 668 3616 in
701 3545 889 3654 Academia
919 3543 1120 3646 versantur,

61 3681 172 3754 etiam
196 3675 352 3750 excolere
364 3655 534 3774 pergant,
558 3686 634 3744 tum
651 3654 747 3744 libris
769 3672 922 3748 melioris
938 3689 1041 3752 uotae
1057 3681 1119 3750 ite·

62 3831 143 3882 rum
179 3805 372 3903 iterumque
400 3797 582 3898 legendis,
615 3811 691 3872 tum
719 3798 804 3873 locis
828 3801 1016 3904 praeclaris
1046 3818 1119 3875 tam

1084 3929 1123 4006 n·
1216 3911 1220 3914 ’

98 4125 163 4202 (†)
196 4123 321 4188 Petill·
350 4127 409 4198 etp·
425 4127 448 4178 5·
466 4125 489 4192 ἓ·
507 4142 543 4191 1,
565 4124 612 4186 26,
633 4123 685 4186 45,
706 4122 749 4188 460·
775 4127 804 4174 et
827 4121 974 4193 scriptores
1000 4119 1038 4177 ibi
1062 4123 1121 4180 lau.

64 4215 133 4280 dari.
