2774 5022
212 309 269 450 r.
288 333 341 409 rr.
368 328 409 404 c.
429 327 463 404 ι.
513 329 569 402 oe
596 325 694 403 our.
721 330 853 406 saoce
876 337 1038 408 masa.
1111 339 1160 440 ιγ

105 539 156 602 ιιι
188 525 341 604 leviores
370 538 407 599 et
432 525 606 598 concione
633 547 728 597 sacra
758 523 919 625 indignos
947 551 1161 606 commemo-

94 641 201 745 ram,
228 652 488 754 gravissim,
521 666 627 751 quem
654 651 749 750 agit,
781 673 921 728 causam
938 653 1153 753 dedecoret,

92 795 133 856 ct
160 779 311 854 auditori
342 775 445 880 paulo
475 774 658 854 excultiori
686 775 865 860 fastidium
899 788 1021 854 creet:
1059 782 1157 884 quod

98 905 291 1009 periculum
316 903 482 1004 inprimis
511 901 694 999 subeunt,'
708 906 830 1008 quiin
856 905 943 1018 vicis
968 907 1153 1012 oppidisve

97 1033 290 1109 minorihus
313 1031 467 1106 Oratocio
489 1028 585 1106 Sacri
613 1057 758 1108 munere
786 1031 995 1132 fungrmtur..

431 1217 435 1229 ¹
555 1187 585 1286 ξ.
635 1185 694 1261 36.

138 1343 268 1418 Orator
301 1341 406 1416 Sacer
431 1343 558 1443 igitur,
595 1341 624 1416 si
653 1343 692 1414 in
716 1352 958 1440 argumentum
987 1341 1151 1434 incidet,
1180 1426 1183 1434 ‚

22 1533 24 1546 ,
94 1454 736 1572 quodsihitempori'accommodatum
759 1493 834 1540 esse
850 1463 1048 1561 ridebitur3
1067 1495 1150 1542 eon-

21 1657 22 1660 *
94 1598 189 1670 tinuo
209 1593 423 1698 explorabit,
437 1621 524 1668 num
538 1591 628 1668 illud
647 1593 813 1695 populare
825 1595 892 1667 sit:
913 1589 1044 1666 deinde
1061 1617 1150 1670 num

21 1715 22 1718 ¹
93 1722 290 1798 hominibus
314 1718 361 1829 ad
383 1721 485 1794 aedes
515 1721 635 1795 Sacras
656 1722 871 1820 congregatis
892 1723 1042 1820 proponi
1072 1747 1152 1794 me-

20 1860 22 2012 g
93 1863 225 1924 reatura
250 1847 405 1948 denique
425 1852 605 1948 numejus
629 1847 787 1923 tractatio
807 1870 907 1946 spem
929 1846 1031 1920 faciat
1049 1847 1149 1922 audi-

93 1975 221 2050 toribus
241 1971 496 2077 persuadendi,
521 1986 562 2047 ut
578 1971 737 2048 homines
755 1975 827 2048 sint
843 1997 926 2048 rere
943 1971 1147 2064 Christianis

94 2104 186 2196 Quae
218 2105 250 2178 ei
281 2103 332 2175 ita
359 2111 467 2191 sunt3
507 2097 585 2174 hoc»
603 2113 870 2198 argumentum,
905 2099 950 2173 de
981 2126 1051 2200 quo
1080 2127 1147 2200 pro

94 2229 255 2324 concione
282 2225 399 2318 dicat,
426 2228 550 2300 ceteris
574 2223 738 2300 omnibus
759 2225 953 2326 praeferre,
986 2239 1023 2300 ct
1049 2225 1147 2304 haud
1193 2301 1194 2310 ,

95 2351 195 2428 dubie
221 2353 328 2450 lieet,
354 2372 392 2432 et
413 2382 495 2434 tero
522 2366 667 2458 oportet,
684 2351 765 2450 (†)÷

102 2665 205 2739 Sed
227 2695 329 2772 saepe
356 2671 519 2743 Oratores
540 2647 887 2760 Sacros,inm1himis‚
912 2660 974 2761 qui
1003 2659 1058 2737 bis
1084 2667 1145 2742 vel

92 2801 142 2864 ter
169 2819 233 2894 per
265 2793 524 2871 hebdomadem
553 2771 699 2865 dicendi
732 2809 833 2858 causa
865 2788 917 2858 in
938 2791 1151 2869 concionem

92 2905 270 3015 vocantur,
283 2937 545 3034 argumentum
571 2913 728 3016 tempori
753 2911 1051 2989 accommodatum
1075 2919 1144 2992 fru-

92 3057 155 3118 stra
177 3075 369 3154 quaerere,
404 3075 461 3122 res
492 3052 567 3149 ipsa
593 3043 759 3146 loquitur.
818 3039 884 3112 His
914 3041 1020 3138 igitur
1048 3043 1142 3120 nihil

17 3249 19 3296 ι
92 3169 177 3245 aliud
193 3190 320 3270 restat,
347 3202 452 3280 quam
474 3173 615 3248 illarum
635 3167 813 3265 religionis
841 3163 1055 3243 Christianae
1069 3167 1142 3243 do-

17 3303 18 3316 *
93 3298 296 3396 ctrinarum,
321 3328 409 3406 quae
435 3325 572 3401 semper
597 3309 632 3368 et
652 3291 781 3394 ubique
802 3293 962 3397 ejusdem
983 3289 1142 3370 utilitatis
1185 3382 1187 3384 ,
1305 3335 1307 3338 ·
1365 3307 1366 3311 ’

17 3493 18 3500 1
93 3437 179 3520 tunt,
206 3457 316 3506 ruram
333 3429 518 3504 alteramve
542 3424 610 3499 sibi
624 3417 846 3495 'tractandam
869 3417 1019 3532 amnena

998 3718 1029 3816 a.
1079 3717 1140 3793 aa.

122 3921 185 3992 (Η
202 3919 248 3975 De
260 3893 441 3976 vorationihus
461 3911 552 3974 Sacris
576 3911 700 3990 tempori
725 3905 968 3966 accommodandis
986 3907 1042 3982 jam
1065 3907 1140 3968 lectu

95 4005 169 4082 digna
185 4006 293 4085 scripsit
310 4009 611 4079 aruncum-rto
629 4019 689 4076 sqq.
726 3999 862 4058 Ceterum
874 3993 918 4053 off.
937 4016 1063 4054 aenou
1080 3999 1142 4057 affl.

95 4087 143 4169 que
159 4117 243 4176 supra
263 4097 293 4155 lt
502 4146 506 4153 Δ

614 4182 643 4254 F
668 4181 692 4276 4
