2860 5022
271 323 399 422 'dotet
426 346 554 420 Orator
576 338 706 434 Sacer,
731 332 1046 432 auditoribmcm
1150 351 1201 432 (ἢ

140 535 212 635 dit,
234 541 300 616 Dei
322 565 518 642 cumamque
541 561 661 633 causa,
685 539 722 612 iu
748 539 864 628 amore
888 537 945 614 vel
967 541 1007 614 in
1031 542 1113 620 odio
1135 543 1197 622 ha.

138 644 261 744 beant:
288 681 391 771 atque
408 671 494 742 item
521 679 615 768 grato
637 666 774 758 animo,
798 665 1051 762 misericordia,
1075 675 1197 772 poeni-

140 799 251 875 tentia
284 793 429 896 oliisque
453 795 581 867 mentis
605 790 865 892 agitationibus,
889 792 1017 866 horum
1037 795 1195 874 alterutri

145 922 324 1022 cognatis,
349 919 571 1024 impleantur.
619 963 623 972 ¹

596 1101 626 1200 t·
676 1101 736 1196 o·

135 1297 139 1304 '
194 1281 361 1362 Similiter
384 1281 607 1386 affectiorem,
640 1309 692 1358 ex
709 1279 858 1380 pulchri
886 1283 1004 1374 studio
1029 1299 1222 1365 enascen'-n

144 1430 221 1506 tes,
248 1397 293 1486 ab
316 1413 467 1498 ‚oratore
491 1412 595 1484 Sacro
619 1423 902 1503 commoventur,
927 1413 957 1484 si
982 1411 1136 1488 studium
1157 1415 1198 1490 il-

24 1569 27 1576 ·
143 1540 209 1616 lud
232 1543 272 1616 in
294 1537 494 1612 auditorum
525 1536 651 1609 animis
673 1549 745 1608 tam
768 1533 890 1608 efficax
914 1536 1056 1639 reddit,
1078 1556 1119 1615 ut
1141 1568 1197 1615 ve-

142 1667 347 1755 neratione,
372 1643 616 1756 admiratione,
640 1659 866 1734 aemulatione
886 1667 980 1765 ejus,
1004 1665 1099 1768 quod
1117 1663 1197 1770 pul.

145 1793 225 1868 chri
246 1790 390 1878 nomine
416 1787 564 1888 dignum
596 1803 669 1880 est,
706 1801 809 1888 atque
838 1788 1111 1889 vituperatione,
1135 1791 1197 1866 de-

143 1921 324 2022 spectione
345 1930 381 1990 et
401 1918 614 1992 aversatione
636 1916 799 1989 contrarii
820 1903 1064 1994 incendantur.
1122 1983 1126 1992 .

601 2096 632 2197 i·
683 2097 744 2192 tr·

190 2287 270 2362 Jam
302 2301 384 2360 tero
411 2281 594 2358 Oratorem
626 2281 800 2375 Sacrum,
836 2277 1033 2358 auditorum
1061 2283 1195 2360 animos

139 2415 209 2490 lroc
227 2427 374 2512 utroque
393 2409 497 2482 modo
516 2407 815 2509 inflammantem,
836 2435 942 2482 nemo
957 2401 1056 2483 facile
1074 2427 1197 2511 repre·

140 2538 326 2632 henderit;
354 2532 527 2638 siquidem
555 2533 611 2608 his
635 2537 674 2608 in
698 2535 939 2609 affectionibus
972 2560 1194 2610 commoven-
1326 2517 1341 2546 '⁸

140 2665 197 2740 dis
228 2645 359 2738 nullam
385 2659 544 2732 utilitatis
566 2639 671 2733 habet
698 2663 886 2735 rationem:
912 2671 948 2736 at
969 2688 1050 2736 cum
1074 2647 1195 2738 tamen
1325 2747 1328 2762 ,

138 2789 349 2896 praeclarius
372 2788 435 2878 sit,
459 2783 639 2858 hominem
660 2809 739 2860 vere
757 2787 992 2862 Christianum
1014 2813 1108 2881 esse,
1132 2792 1194 2892 qui

138 2919 184 2992 ad
212 2916 301 2992 illud
328 2926 471 3016 propter
503 2935 561 3001 se,
594 2910 652 2983 vel
675 2911 873 2990 obedientia
905 2915 989 3016 legis
1021 2917 1191 3009 Divinae,

137 3071 242 3147 quam
261 3042 327 3114 alia
351 3039 396 3111 tle
415 3063 516 3110 causa
539 3053 818 3132 commoveatur;
843 3044 987 3144 quisque
1009 3042 1190 3144 iutelligit,
1297 3047 1327 3096 ³·

139 3172 339 3244 affectiones
359 3189 520 3267 quoque,-
553 3167 649 3265 quac'
664 3190 708 3236 ex
723 3163 863 3241 honesti
884 3193 992 3242 sensu
1020 3195 1187 3244 enascan-

109 3312 216 3391 rtur,
241 3308 277 3368 et
297 3294 477 3392 religiosae
502 3287 559 3362 vel
586 3292 735 3364 morales
760 3297 864 3368 sint
846 3295 1122 3396 ‚praeclariores
1141 3319 1191 3368 os

138 3449 199 3515 se,
224 3447 328 3522 quam
350 3440 436 3521 quae
449 3412 600 3510 pulchri
618 3416 812 3495 debeantur
828 3423 966 3510 studio,
992 3433 1095 3524 utque
1118 3426 1190 3498 Ac·
1237 3465 1242 3474 ·

138 3549 308 3627 stheticac
332 3540 503 3646 appellari
521 3541 657 3642 possint
679 3542 773 3641 (†)
1177 3573 1179 3583 ·

1056 3779 1087 3864 t·
1125 3773 1187 3870 4⁵·

173 3965 463 4114 llingnwn’
479 3966 589 4044 Systam
607 3958 666 4025 dar⁸
678 3927 795 4028 Christi
806 3971 925 4043 Merui,
951 3969 1031 4028 Tem.
1045 3967 1069 4026 1.
1085 3988 1115 4046 p.
1133 3989 1182 4040 uqa

137 4076 233 4136 “ille
291 4099 299 4116 ·
1283 4066 1288 4078 '
